3010 4644
121 343 233 409 Eiusd.
258 347 315 424 61,
339 347 418 408 211:

462 451 602 530 „Ludite
624 456 665 514 ut
687 452 786 530 lubet,
811 456 841 515 ct
864 452 953 514 breui

465 558 599 621 [liberos
622 559 695 622 data
721 609 726 621 .
756 610 762 621 .
791 566 820 621 .“

120 646 233 711 Eiusd.
259 649 314 726 68,
340 649 418 710 156:

279 754 346 833 „at
367 755 497 831 domin,
519 754 558 816 c'o
582 775 648 836 quo
671 775 731 816 uos
756 754 897 818 lustinus
921 761 952 818 ct
974 755 1130 818 domr'no“

120 859 217 924 Ovid.
241 883 300 924 ars.
324 883 382 923 am.
407 859 452 937 ΙΙ,
477 863 555 923 389:

342 967 409 1045 „Di
432 967 573 1030 malias!
599 967 655 1030 aaa
677 967 735 1030 hoc
757 974 865 1050 nupta
889 973 994 1031 tenere
1014 973 1128 1052 potest.

306 1074 444 1136 Ludite:
468 1074 524 1136 scd
545 1073 637 1155 furto
660 1075 779 1137 celetur
801 1075 898 1157 culpa
921 1075 1089 1138 modesto“¹

118 1180 235 1244 Tibull.
258 1180 290 1258 I,
316 1185 351 1259 3,
375 1181 431 1243 63:

279 1288 345 1365 „Ao
367 1288 532 1350 iuvenum
554 1287 653 1350 series
678 1287 797 1350 teucris
820 1288 976 1350 imminuto
996 1289 1118 1372 praeliis

328 1394 442 1457 uiuit:
468 1400 498 1457 et
519 1393 651 1457 assidue
670 1395 797 1477 proclia
820 1395 935 1458 miscet
959 1396 1090 1457 Amor‘fi

8 1569 9 1584 χ
118 1499 222 1564 Simili
246 1499 339 1564 modo
363 1501 449 1564 canit
472 1499 624 1563 Horatius
648 1499 716 1563 libr.
740 1499 794 1562 III
818 1523 910 1563 carm.
937 1503 975 1564 12
1002 1501 1109 1564 initio:

507 1608 634 1686 „cruori
656 1609 734 1670 dura
758 1609 906 1671 ludum“.

228 1713 335 1780 Venio
362 1713 404 1778 ad
426 1713 610 1777 Baehrensii
639 1715 864 1794 coniecturam,
894 1736 973 1799 quae
1003 1713 1043 1777 ad
1066 1714 1192 1779 codices
1217 1738 1292 1779 saue

8 1871 9 1894 ,
118 1821 262 1906 proxime
281 1820 410 1901 accedit,
430 1819 486 1884 sed
503 1822 529 1884 si
546 1822 733 1884 sententiam
750 1830 937 1906 spectamus,
961 1823 1015 1884 vix
1032 1830 1080 1884 est
1095 1820 1292 1906 perferenda.

8 1907 13 1970 1⁵
118 1926 333 1992 Baehrensius
358 1930 441 1991 enim
464 1936 565 1991 totum
588 1928 690 1990 locum
714 1928 758 1990 ita
779 1927 857 2012 legit
879 1937 912 1991 et
934 1927 1095 1992 distinxit:

244 2035 309 2112 „ut
329 2036 498 2098 moechum
524 2040 633 2098 tenera
654 2035 770 2118 pac-isa
794 2040 841 2098 cst
863 2036 985 2098 &tedere
1007 2036 1046 2098 io
1069 2036 1169 2099 herbo

151 2205 154 2211 ,
246 2143 436 2225 Purpureos
458 2142 554 2224 stores
578 2162 658 2224 quos
681 2141 820 2225 iusuper
842 2142 1062 2221 accumbebat,

246 2247 408 2312 Bracchia
430 2248 573 2331 formoso
596 2268 786 2332 supponens
814 2248 937 2332 Cypria
959 2249 1037 2312 collo

251 2355 349 2437 (Tum
372 2356 463 2420 credo
486 2355 599 2438 fuerat
621 2354 754 2418 Mauors
777 2355 1001 2418 distamusto
1023 2357 1145 2433 armis·

246 2461 334 2524 Nam
358 2467 439 2525 certe
471 2463 638 2525 Vulcanus
661 2482 744 2546 opas
767 2461 921 2544 faciebat,
945 2467 976 2525 at
997 2463 1049 2525 ut·

248 2569 349 2632 Taso·
373 2569 529 2652 turpabat
551 2571 656 2632 mulas
680 2569 822 2651 fulmine
847 2569 992 2651 barbo)“.

137 2656 143 2662 ¹
229 2674 361 2737 Poetam
391 2697 549 2759 uunquam
582 2673 660 2737 illud
692 2676 898 2754 „inuectum
930 2675 1093 2760 scripsisse
1127 2675 1294 2759 unicuique

78 2796 82 2801 '
119 2781 264 2865 liquebit,
287 2782 340 2864 qui
364 2783 588 2844 sententiarum
612 2803 765 2845 conexum
789 2781 964 2844 accuratius
980 2783 1161 2866 inspexerit.
1194 2781 1295 2845 Poeta

119 2888 220 2966 enirn,
250 2909 322 2950 cum
352 2909 445 2972 supra
476 2910 505 2950 v.
531 2891 571 2952 39
603 2909 648 2972 sq.
678 2888 833 2951 amavisse
864 2886 942 2951 deos
972 2886 1110 2972 deasque
1138 2889 1294 2968 cecinerit,

118 3016 185 3079 quo
205 3015 239 3057 se
262 2993 366 3079 ipsum
389 3016 492 3058 amare
514 2993 679 3079 fructuque
703 2995 817 3058 amoris
832 2995 927 3080 potiri
947 2995 1211 3080 comprobaretur,
1234 2995 1294 3059 hoc

117 3102 191 3164 loco
215 3099 344 3164 deorum
369 3101 513 3186 exemplo
530 3110 669 3181 excusat,
692 3100 778 3185 quod
806 3101 873 3186 ipse
898 3122 972 3165 suae
995 3101 1118 3186 puellae
1142 3101 1294 3187 pudorem

120 3207 297 3271 violaverit.
345 3206 456 3292 Itaque
484 3215 655 3271 amatorem
684 3208 835 3293 appellari
862 3209 1077 3287 „mocchum“,
1105 3231 1168 3292 quo
1197 3209 1294 3273 verbo

118 3314 168 3393 id,
203 3313 288 3398 quod
323 3323 418 3399 poeta
451 3312 541 3393 fecit,
576 3313 753 3393 damnatur,
791 3337 810 3377 a
843 3323 911 3377 tota
945 3315 1101 3379 sententia
1139 3315 1294 3379 abhorret.

8 3439 10 3454 ’
118 3419 220 3498 Quod
257 3421 469 3484 Baehrensius
508 3442 618 3484 versus
654 3422 782 3484 69-71
824 3423 913 3485 uncis
951 3419 1094 3484 rotundis
1133 3422 1294 3501 conclusit,

118 3549 193 3591 meo
217 3526 333 3590 iudicio
357 3548 624 3613 supervacaneum
647 3536 721 3590 erat.

228 3633 268 3698 In
293 3656 385 3698 versu
403 3636 445 3698 68
470 3632 667 3698 emendando
687 3656 795 3697 omnes
815 3633 952 3698 editores
968 3636 1157 3698 recentiores
1174 3657 1295 3698 summa

118 3739 254 3805 audacia
277 3743 325 3804 usi
349 3749 431 3821 sunt,
454 3764 525 3805 cum
548 3740 663 3804 Naekii
687 3742 895 3804 coniecturam
921 3741 1019 3804 secuti
1044 3763 1101 3825 pro
1117 3742 1295 3823 „prandim‘

120 3858 277 3934 ponerent
298 3849 487 3929 „moecatur
510 3858 542 3912 et
564 3869 622 3933 pro
645 3849 804 3931 „puudiu“
827 3848 999 3932 „Cpprio“.

230 3954 450 4019 Rothsteinius
480 3963 606 4040 poetam
637 3954 819 4039 metaphora
850 3976 924 4018 sane
955 3953 1161 4017 audacissima
1191 3957 1294 4039 ipsum

119 4062 262 4129 Veneris
294 4084 407 4147 corpus
431 4062 482 4125 vel
510 4061 654 4124 bracchia
685 4062 788 4125 verbis
817 4063 976 4144 „prandio
1004 4063 1147 4144 postoim‘
1177 4061 1294 4144 signifi-
