2982 4644
91 469 165 509 cum
190 467 252 508 non
277 447 393 508 intacta
416 452 509 527 atque
534 443 656 527 integra
680 449 792 527 poetae
814 441 909 506 verba
932 441 1020 505 reddi
1045 442 1182 507 editores
1206 466 1272 508 ore·

92 551 223 630 derent,
246 550 389 615 diversos
415 548 602 614 emendandi
625 548 771 612 fecerunt
793 556 933 612 conatus.

204 658 345 721 Naekius
369 659 514 741 antiquas
538 655 693 719 editiones
717 663 845 719 secutus
862 677 989 719 versum
1005 659 1047 720 48
1067 658 1111 720 ita
1131 657 1270 742 scripsit:

290 764 465 844 „Cbudt'ta‘o
488 763 610 826 struitis
633 763 746 845 fuerat
767 763 965 826 mortalibus
988 763 1078 827 a'llts“

95 871 249 957 particula
277 875 390 954 ,‚que“,
419 891 511 954 quam
540 867 667 932 codices
692 868 854 947 exhibent,
884 867 988 932 deleta
1011 876 1139 954 etpost
1161 871 1272 951 „lllt's“

95 987 214 1064 puncto
246 978 360 1062 posite.
423 974 489 1040 Sed
522 975 610 1039 verbi
642 975 735 1038 huius
768 975 993 1039 enuntiationis
1027 985 1152 1061 tempus
1186 976 1273 1061 plus-

95 1083 366 1169 quamperfectum
400 1083 561 1165 „fuerut“,
600 1081 686 1166 quod
721 1083 769 1144 vir
802 1081 854 1146 ille
891 1080 1093 1146 doctissimus
1133 1085 1271 1168 scripsit,

95 1214 168 1254 oum
196 1190 370 1275 perfectum
398 1197 452 1252 aut
479 1189 697 1274 imperfectum
726 1211 765 1252 ex
792 1189 853 1252 loci
882 1189 1038 1252 sententia
1062 1187 1273 1270 desideretur,

95 1297 265 1361 offensioni
289 1305 346 1360 est.

205 1404 415 1468 Baehrensius
439 1402 592 1488 particula
621 1408 725 1485 ‚,que“
754 1402 870 1465 omissa
898 1423 955 1487 pro
987 1403 1107 1485 „foret‘
1138 1405 1274 1466 coniecit

95 1512 245 1594 „futaa't“,
270 1512 358 1573 cuius
383 1509 472 1574 verbi
496 1509 559 1572 vim
583 1509 676 1572 nimis
699 1508 750 1570 hio
773 1509 956 1572 translatam
979 1531 1051 1573 esse
1079 1508 1194 1573 indico.

205 1617 327 1680 Maiore
356 1616 423 1682 sine
443 1615 548 1679 dubio
574 1614 727 1678 felicitate
755 1615 818 1678 iam
847 1622 920 1679 ante
943 1615 1171 1680 Baehrensium
1197 1639 1274 1680 usus

95 1732 166 1788 erat
186 1723 396 1802 RibbeckiuS,
419 1723 473 1807 qui
498 1745 575 1786 voce
598 1727 702 1806 ‚,que“
726 1730 852 1786 servata
874 1731 976 1785 totum
998 1722 1103 1786 locum
1129 1723 1174 1786 ita
1197 1724 1275 1807 legit

97 1839 133 1894 et
152 1830 316 1894 distinxit:

259 1940 393 2018 „Aurea
415 1937 500 2021 quia
523 1937 623 2000 ettam
647 1957 722 2000 cum
746 1938 877 2000 saecula
901 1937 1115 2000 volvebantur

264 2044 416 2108 Gonar'uo
440 2044 625 2128 similisque
648 2044 718 2126 fuit
742 2044 938 2106 mortalitas
961 2045 1029 2107 uus

261 2152 351 2215 Haeo
374 2172 500 2235 quoque
521 2156 721 2233 praetereo“.

200 2257 267 2322 Cui
295 2257 422 2321 lectioni
451 2279 523 2320 cum
550 2258 680 2341 propius
711 2255 751 2319 ad
782 2255 907 2321 codices
939 2256 1068 2321 accedat
1099 2279 1192 2341 quam
1223 2257 1276 2321 illa

97 2365 283 2430 Baehrensii
315 2373 347 2426 ct
379 2363 566 2427 sententiam
597 2365 674 2426 satis
706 2363 900 2448 probabilem
931 2362 1061 2442 efficiat,
1091 2362 1276 2449 adstipulari

98 2494 162 2536 non
187 2484 359 2548 cunctarer,
384 2472 411 2534 si
436 2470 562 2532 omnino
586 2470 766 2534 coniectura
789 2492 868 2555 opus
893 2492 962 2534 esse
985 2469 1165 2534 indicarem.
1211 2470 1276 2535 Sed

97 2579 150 2642 hio
180 2579 248 2664 ipse
277 2578 366 2641 locus
397 2575 535 2640 dilucide
563 2575 778 2640 demonstrare
809 2576 884 2639 mihi
909 2575 1047 2656 videtur,
1078 2586 1229 2662 quantum
1258 2601 1276 2641 a

98 2686 177 2748 viris
208 2684 311 2748 doctis
341 2692 501 2769 peccetur,
531 2683 598 2766 qui,
629 2684 655 2746 si
686 2683 780 2747 lectio
812 2683 904 2768 paulo
935 2683 974 2747 ab
1005 2686 1121 2747 usitata
1149 2682 1274 2747 dicendi

98 2794 220 2855 ratione
243 2790 363 2854 recedit
385 2798 441 2854 aut
464 2790 566 2852 minus
591 2790 750 2874 eleganter
774 2811 923 2874 expressa
946 2799 1008 2869 est,
1032 2790 1153 2853 nullum
1177 2791 1276 2876 scrip-

98 2907 201 2962 torem
225 2897 400 2984 pertectum
424 2918 493 2960 esse
518 2896 605 2960 obliti
631 2896 738 2959 statim
757 2894 944 2960 medicinam
963 2896 1098 2981 aliquam
1114 2896 1275 2977 adhibent,

99 3028 163 3090 quo
197 3005 311 3068 malum
349 3001 510 3090 opinatum
544 3003 680 3067 tollatur.
737 3003 788 3066 De
824 3026 886 3087 quo
924 3004 1044 3087 agimus
1075 3004 1147 3068 loco
1182 3004 1276 3083 nulla,

99 3121 252 3196 quantum
276 3110 384 3189 video,
414 3132 509 3174 causa
532 3111 708 3174 necessaria
731 3119 793 3189 est,
824 3133 878 3173 cur
908 3111 1059 3174 librorum
1090 3113 1276 3196 scripturam

99 3225 278 3303 corruptam
302 3240 373 3281 esse
398 3239 592 3280 censeamus.

209 3325 352 3390 Verbum
364 3325 512 3407 „forum
529 3345 585 3409 pro
604 3323 756 3387 vacabulo
772 3332 911 3404 „esseru‘
927 3327 1069 3410 usurpari
1086 3325 1162 3389 satis
1178 3325 1277 3388 multa

100 3432 246 3517 exempla
268 3431 392 3495 docent.

209 3537 274 3603 Sed
298 3547 383 3602 certe
407 3537 562 3622 quispiam
587 3537 695 3600 haeret
717 3538 748 3600 in
773 3538 924 3602 varietate
948 3537 1127 3617 modorum,
1150 3561 1221 3602 cum
1243 3539 1276 3602 in

101 3647 207 3731 priore
242 3645 404 3708 enuntiato
439 3667 457 3707 a
491 3645 710 3707 coniunctione
744 3652 858 3722 ‚‚aum“
891 3643 1048 3730 pendente
1086 3644 1276 3709 indicativus

106 3752 395 3836 („uoluebuutur“),
430 3753 460 3813 in
497 3752 595 3819 altero
628 3751 850 3815 coniunctivus
900 3752 1021 3834 „foret‘
1069 3752 1191 3836 positus
1227 3753 1276 3816 sit.

101 3859 176 3936 Qua
199 3881 232 3921 re
256 3859 310 3942 qui
335 3856 519 3936 offenditur,
549 3859 694 3944 inspiciat
717 3859 870 3942 Draegeri
898 3858 984 3936 libri,
1015 3861 1068 3944 qui
1097 3859 1278 3923 inscribitur

100 3965 323 4046 „Histortmbe
349 3965 479 4046 Sputum
502 3967 558 4029 der
582 3966 795 4030 lateiniscbeu
821 3966 1277 4051 Spracbe,Lea'pat91878“‚

102 4071 272 4136 voluminis
312 4071 440 4134 secundi
482 4075 624 4158 paginam
666 4077 744 4150 551,
783 4074 835 4136 ubi
871 4073 997 4156 legitur:
1036 4073 1124 4151 „Der
1158 4074 1277 4137 Modus
