2982 4644
779 227 819 290 26

691 445 743 486 vv.
767 424 907 486 66-68.

363 529 430 607 „nt
451 550 578 592 meeum
603 534 713 592 tenere
733 531 849 612 poetae
872 535 920 593 est
942 531 1050 594 ludere
1073 531 1112 592 e'u
1135 531 1233 594 herbo

364 637 555 721 Purpureos
577 635 673 718 flores
696 657 776 719 quos
801 637 940 720 iusuper
964 637 1172 701 occumbebat

369 742 522 806 Grandia
544 743 688 825 formoso
710 764 900 827 supponens
921 744 1046 826 puude'u
1069 745 1176 808 colae

319 867 409 944 Quos
440 889 550 930 versus
581 875 747 952 corruptos
777 875 813 929 ut
843 866 1069 946 emendarent,'
1089 869 1149 931 iarn
1184 871 1388 953 praecipuam

212 975 272 1036 viri
296 972 379 1037 docti
405 971 561 1036 dederunt
584 995 724 1059 operam,
755 973 810 1037 sed
835 973 972 1036 nondum
998 996 1037 1038 ex
1061 977 1145 1037 omui
1169 984 1258 1060 parte
1282 977 1388 1039 sanati

212 1103 282 1144 esse
306 1080 381 1143 mihi
406 1079 561 1144 videntur.

317 1187 423 1250 Primo
448 1210 504 1250 suo
528 1190 594 1251 iure
619 1209 726 1251 omnes
749 1188 919 1252 haeserunt
940 1189 972 1251 iu
992 1190 1082 1274 primi
1101 1211 1211 1252 versus
1229 1189 1388 1252 vocabulo

211 1302 384 1373 „srueeuue‘ss
409 1293 493 1379 quod
518 1295 596 1358 vitio
620 1295 719 1380 premi
743 1295 910 1380 unicuique
934 1295 1040 1380 liquet.

317 1401 486 1463 Putsclrius
518 1423 574 1485 pro
604 1409 769 1480 „mecetiu‘
799 1401 925 1486 scripsit
952 1409 1139 1486 ‚‚quoeuua“‚
1157 1383 1213 1465 ita
1237 1400 1387 1465 Adonem

211 1508 377 1590 significari
400 1517 486 1572 ratus
510 1529 644 1591 quocum
668 1508 781 1573 Venus
811 1509 1004 1572 exercuisset
1031 1531 1166 1588 amurca,
1195 1508 1270 1572 dnm
1294 1508 1387 1572 Mars

212 1615 242 1676 in
266 1615 368 1693 armis,
393 1615 559 1680 Vulcanus
583 1615 615 1676 in
639 1613 763 1677 officina
786 1623 878 1678 esset.
924 1615 1031 1692 Quam
1054 1614 1094 1678 ad
1118 1637 1227 1679 vocem
1251 1638 1290 1678 cx
1312 1637 1386 1679 ver-

211 1722 297 1785 sibus
321 1720 582 1806 praecedentibus
599 1720 812 1806 praedicatum
830 1730 934 1785 mente
951 1720 1151 1805 cogitandum
1168 1744 1238 1786 esse
1257 1721 1386 1786 iudicat.

212 1827 275 1892 Sed
304 1851 491 1914 magnopere
520 1851 569 1891 me
598 1826 732 1891 offendit
761 1827 837 1891 haec
862 1827 1050 1913 explanandi
1074 1830 1167 1908 ratio,
1190 1851 1263 1892 cum
1286 1830 1387 1894 verba

211 1937 263 1999 illa
285 1958 379 2015 „cum
403 1937 536 1999 Juuoue
557 1936 681 2017 paedia
706 1936 847 2013 domuc,
875 1957 955 2018 qnae
979 1943 1046 1998 tota
1068 1934 1239 2023 repetenda
1267 1946 1386 2015 essent,

210 2065 272 2105 uon
309 2065 347 2106 ex
383 2052 470 2128 parte
506 2051 541 2105 ut
578 2042 748 2105 Putschius
783 2042 865 2121 vult,
903 2040 943 2105 ad
977 2041 1060 2104 hunc
1096 2065 1220 2105 versum
1255 2043 1386 2107 minime

211 2148 373 2234 quadrent.

317 2256 429 2340 Neque
453 2259 556 2319 miuus
580 2255 736 2320 reicienda
761 2266 809 2320 est
825 2256 940 2320 Naelrii
960 2256 1148 2334 coniectura,
1172 2257 1224 2340 qui
1242 2258 1385 2341 scripsit:

387 2364 453 2442 „ut
475 2365 610 2447 quicum
636 2369 745 2426 tenero
766 2364 883 2445 perusa
906 2365 1022 2426 elidere
1045 2365 1083 2425 ‘ie
1106 2364 1205 2427 herbo

388 2471 579 2553 Purpureos
601 2470 697 2552 flores
723 2521 728 2533 .
758 2522 764 2533 .
793 2475 822 2532 .“

210 2600 280 2640 cum
305 2577 437 2641 verbum
459 2582 543 2656 „esl“
565 2576 625 2638 hoc
648 2576 717 2639 loco
741 2574 853 2639 deesse
878 2599 938 2638 non
963 2577 1078 2661 possit,
1107 2574 1192 2660 quod
1216 2577 1386 2661 participio

210 2685 360 2767 ,‚pooe'su“
383 2683 525 2747 additum
550 2684 772 2746 enuntiationis
796 2683 946 2745 relativae
970 2682 1101 2746 verbum
1125 2692 1181 2746 est.

316 2791 510 2855 Ribbeckius
526 2790 692 2853 lectionem
709 2790 835 2875 recepit,
856 2812 949 2873 quam
965 2788 1183 2852 Lachmannus
1200 2788 1240 2852 ad
1256 2788 1387 2854 lucret.

211 2898 244 2962 V
272 2901 353 2961 1001
380 2899 558 2982 proposuit:

330 3005 396 3083 „nt
418 3027 508 3068 mure
532 3027 608 3068 curu
633 3011 739 3068 tenero
760 3005 876 3085 puor'su
900 3009 947 3066 ost
970 3005 1091 3066 loedere
1114 3004 1153 3067 iu
1176 3004 1275 3067 heroo

332 3113 521 3194 Purpureos
544 3112 640 3194 flores
666 3162 671 3174 .
701 3163 706 3174 .
736 3162 741 3173 .
771 3119 800 3174 .“

317 3217 507 3282 Coniectura
530 3224 579 3297 „el
602 3240 696 3281 ruore
716 3239 791 3281 curu
814 3223 939 3280 teuero“
962 3240 1018 3302 pro
1042 3223 1092 3296 „et
1106 3239 1234 3280 ruccone
1253 3223 1387 3280 ῖεῖιεναα

208 3325 309 3388 facilis
339 3334 387 3388 est
416 3333 447 3387 et
476 3325 593 3410 optima
623 3325 775 3402 omnium,
804 3346 883 3408 quae
914 3322 1015 3386 adhuc
1039 3347 1057 3386 a
1081 3325 1157 3387 viris
1181 3322 1284 3386 doctis
1309 3333 1387 3386 sunt

209 3433 356 3518 prolatae.

314 3539 420 3603 Multo
444 3538 534 3602 aliter
555 3537 758 3602 iudicandum
783 3546 832 3600 est
854 3536 894 3600 de
918 3539 1089 3600 mutatione
1110 3537 1280 3601 aCant'ero
1299 3536 1385 3600 faeta

209 3648 296 3710 vocis
327 3647 475 3724 „luderc“
504 3646 536 3708 in
566 3647 734 3725 ,‚lucdere“‚
765 3667 857 3729 quam
889 3645 1014 3706 minime
1045 3644 1152 3729 proba.
1198 3643 1269 3706 Dea
1298 3645 1384 3707 euim

209 3777 270 3816 non
301 3751 418 3837 gaudet
447 3751 571 3816 laedere
601 3753 695 3816 flores
726 3772 913 3836 purpureae,
944 3749 1000 3814 sed
1030 3751 1211 3814 accumbere
1241 3751 1384 3814 amatori.

207 3861 373 3939 „Ludere“
406 3869 509 3923 autern
544 3861 727 3944 saepissime
762 3856 802 3920 de
837 3857 1028 3920 amatoribus
1061 3865 1241 3941 usurpatur:
1276 3855 1384 3920 Catull

210 3970 343 4046 17,17:

465 4057 614 4134 ‚,Lrulere
638 4056 723 4118 haereo
746 4054 830 4116 se'ru'l
852 4058 891 4115 ot
914 4053 1001 4115 lubet
1026 4103 1031 4114 .
1061 4103 1066 4114 .
1096 4060 1123 4115 .“
