2982 4644
797 271 838 332 20

338 463 391 526 Ad
414 464 497 526 hunc
519 463 623 527 locum
647 463 818 526 sanandum
836 464 893 527 viri
919 462 1004 526 docti
1021 461 1253 527 diversissimas
1268 462 1414 548 ingressi

232 579 306 635 sunt
321 571 398 634 vias.
443 571 551 655 Atque
574 570 709 656 primum
732 569 858 654 quidem
882 569 914 632 in
929 591 1024 634 versu
1040 572 1083 634 43
1100 568 1242 654 Scaliger
1259 569 1412 656 scripsit:

359 677 506 759 „Phoebe
527 698 616 761 peres
638 677 677 740 ia
702 682 730 740 te
754 678 878 757 beros,
903 676 1076 740 celebrabis
1098 681 1273 741 amorem“.

339 782 403 848 sed
431 805 500 846 oum
531 804 632 867 neque
659 791 784 868 tempus
811 781 953 846 futurum
981 789 1090 867 aptum
1118 783 1287 868 sitneque
1317 785 1413 847 coni-

232 893 379 955 unctione
403 912 508 954 carere
530 891 698 975 possimus,
722 887 908 953 emendandi
931 889 1015 954 illius
1034 890 1095 953 viri
1118 898 1248 954 conatus
1271 890 1412 954 reicien-

232 997 292 1060 dus
326 1004 382 1061 est.
429 996 566 1062 Omissis
601 996 713 1060 ceteris
748 996 886 1082 priorum
922 995 1077 1060 editorum
1108 996 1294 1061 coniecturis
1322 1019 1410 1082 quae

232 1103 309 1167 nihil
347 1103 528 1189 proficiunt,
566 1102 606 1166 ad
643 1102 759 1167 Naekii
798 1103 965 1167 lectionem
1002 1111 1214 1183 transeamus,
1251 1103 1306 1188 qui
1346 1126 1409 1189 pro

231 1215 386 1294 „ocream
408 1210 516 1296 posuit
538 1215 699 1292 „recens“,
723 1209 808 1294 quod
832 1209 994 1296 epitheton
1017 1209 1228 1275 Baehrensius
1252 1232 1310 1274 suo
1335 1211 1409 1274 iure

231 1317 359 1402 recepit.
412 1317 494 1381 Nam
527 1317 605 1380 haec
637 1317 768 1380 mutatio
802 1324 834 1380 et
865 1316 1026 1380 lenissima
1059 1326 1109 1382 est
1143 1325 1175 1381 et
1208 1317 1409 1403 probabilem

231 1424 362 1512 praebet
385 1425 581 1488 sententiam.
626 1425 782 1502 „Laurus
804 1427 937 1488 reeeas“
965 1422 1166 1488 Germanice:
1196 1425 1275 1506 „der
1297 1425 1407 1509 friscb

231 1531 495 1616 ccfspricsseade
511 1532 672 1594 Lorbeor“
695 1552 764 1593 cum
786 1529 824 1594 ad
841 1530 997 1594 infelicem
1014 1531 1172 1617 Apollinis
1195 1531 1228 1594 in
1243 1530 1405 1616 Daphnen

231 1660 378 1718 amorem,
400 1659 493 1722 quem
519 1636 656 1702 Ovidius
679 1638 712 1699 in
731 1637 861 1702 Metam.
877 1637 904 1717 Ι,
927 1640 1103 1702 452-565
1126 1637 1309 1715 celebravit,
1333 1661 1408 1724 per-

231 1745 339 1824 tineat,
361 1744 626 1830 locupletissimus
651 1730 781 1808 deorum
804 1744 918 1808 amoris
942 1745 1033 1808 testis
1057 1752 1115 1808 est.

337 1849 507 1914 Ribbeckii
530 1853 763 1916 transmutatio:

320 1958 479 2039 ,‚Pa0eoe‚
501 1959 588 2042 peris
611 1979 713 2042 quom
737 1964 773 2022 tu
798 1960 914 2022 burco
936 1959 1108 2023 celebravit
1129 1963 1297 2022 amorcm“

203 2099 206 2106 ·
231 2065 324 2128 nimis
348 2072 398 2128 est
420 2066 582 2145 arcessita,
605 2086 699 2149 quam
722 2073 758 2127 nt
780 2065 809 2129 ei
832 2064 1016 2150 adstipulari
1040 2064 1167 2150 possim.

338 2170 561 2235 Infelicissime
585 2193 654 2235 esse
670 2172 746 2235 mihi
762 2169 888 2236 videtur
904 2171 1081 2258 explicandi
1100 2171 1179 2235 ratio
1200 2171 1405 2252 Rothsteinii,

231 2279 285 2363 qui
304 2276 451 2342 traditam
475 2278 660 2362 scripturam

436 2405 569 2468 „pereas
591 2385 631 2448 ire
655 2390 683 2447 te
707 2387 823 2448 laborm·
846 2386 1018 2450 celebrabit
1039 2389 1205 2448 arcerem“

231 2491 367 2555 fortasse
397 2493 441 2554 ita
470 2490 611 2574 intellegi
640 2512 735 2576 posse
765 2499 886 2570 censet,
916 2498 952 2554 ut
975 2491 1167 2576 significetur
1189 2513 1261 2556 eum
1284 2493 1339 2576 qui
1363 2491 1405 2556 ad

232 2598 415 2684 Apollinem
438 2598 544 2661 laurus
567 2596 657 2676 ferat,
680 2619 718 2660 ea
740 2598 808 2684 ipse
832 2620 864 2661 re
887 2598 955 2662 eius
980 2619 1117 2662 amorem
1132 2597 1298 2662 celebrare.
1331 2598 1404 2662 Tali

232 2706 489 2790 interpretatione
519 2726 590 2768 meo
618 2702 736 2767 iudicio
764 2704 797 2768 in
819 2702 963 2767 codicum
986 2704 1151 2768 lectionem
1175 2705 1333 2769 sententia
1356 2705 1405 2769 in-

231 2812 346 2891 fertur,
376 2832 455 2896 quae
485 2810 584 2874 multo
615 2811 777 2876 obscurior
806 2818 855 2874 est
884 2833 977 2895 quam
1008 2811 1105 2875 verba
1133 2811 1210 2896 ipsa
1260 2811 1404 2876 Primum

233 2919 329 2997 enim,
357 2917 427 3002 quis
450 2916 503 2980 ille
527 2919 576 2981 vir
599 2918 649 2997 sit,
672 2918 725 3002 qui
749 2918 853 2981 laurus
876 2916 916 2980 ad
939 2917 1120 3002 Apollinem
1143 2917 1238 2998 ferat,
1268 2940 1331 2981 non
1356 2921 1404 2982 in-

232 3025 355 3109 tellego.
402 3025 577 3103 Praeterea,
596 3032 748 3108 quantum
767 3024 869 3104 vide0,
893 3027 1118 3088 sententiarum
1137 3046 1275 3088 conexus
1291 3034 1404 3110 postu-

231 3133 289 3212 lat,
312 3141 347 3195 ut
370 3131 430 3195 hoo
453 3152 577 3216 quoque
601 3153 695 3195 versu
719 3129 759 3194 de
782 3130 842 3194 deo
866 3139 984 3215 agatur.

338 3239 390 3302 Ex
413 3239 557 3303 versibus
587 3242 719 3302 44—45
749 3238 934 3323 interpretes
959 3239 1053 3302 variis
1082 3237 1183 3302 modis
1206 3238 1322 3303 bonam
1347 3238 1404 3302 eli-

232 3369 302 3410 cere
332 3346 519 3410 sententiam
548 3345 744 3409 studuerunt.
789 3345 934 3430 Longum
964 3353 1013 3408 est
1039 3345 1071 3408 in
1100 3345 1160 3408 hoc
1184 3344 1303 3408 difficili
1331 3345 1403 3410 loco

233 3453 337 3516 omnia
360 3453 498 3516 virorum
521 3452 684 3517 doctorum
708 3450 895 3516 emendandi
919 3452 1082 3515 conamina
1105 3473 1295 3515 enumerare.

338 3559 481 3623 Naekius
511 3558 605 3644 paulo
636 3567 757 3623 tantum
786 3582 805 3622 a
833 3556 949 3622 tradita
976 3561 1131 3645 scriptura
1158 3558 1301 3638 recessit,
1331 3581 1402 3622 cum

233 3689 290 3752 pro
318 3667 429 3748 „roisi“
458 3667 546 3751 („H“
569 3670 688 3751 ,‚aoro“)
726 3665 886 3751 scripserit
916 3670 1050 3748 ‚,rocm“.
1096 3665 1203 3742 Quam
1225 3664 1403 3730 coniciendi

233 3774 386 3837 rationem
413 3773 462 3837 his
486 3774 591 3838 verbis
620 3773 752 3858 probare
776 3770 897 3837 studet:
928 3773 1059 3858 „(0ct0)
1087 3773 1126 3836 ira
1149 3773 1255 3836 medio
1274 3793 1399 3858 porca-

235 3881 341 3944 tbcsic
358 3882 486 3963 inserit,
511 3903 577 3966 qao.
593 3881 763 3964 siyroisicot
777 3881 910 3962 desmtc,
934 3881 1139 3961 solitudines
1162 3880 1264 3943 sileas
1283 3880 1402 3944 cidisse

232 3989 305 4051 illos
321 3989 539 4052 claudestiaos
562 3990 697 4051 deorum
720 4008 847 4051 amores
866 3988 1120 4071 porticuumque
1141 3987 1180 4049 ia
1211 4007 1299 4050 accc
1329 4008 1399 4050 eor·-

229 4117 314 4178 poro
344 4095 557 4175 remotiorem,
589 4096 647 4158 boc
677 4096 789 4158 orode:
819 4095 914 4158 sitris
944 4094 1038 4176 sama
1062 4094 1170 4156 beuta
1194 4098 1257 4156 est:
1289 4093 1403 4158 orricio
