3010 4644
793 251 812 312 6

256 442 300 506 ΙΙ.
324 443 471 506 Carmina
494 443 617 508 Valerii
641 443 772 508 Catonis
800 466 870 507 cum
895 445 1032 529 Augusti
1056 445 1246 510 Ferdiuandi
1271 447 1387 510 Naekii

325 550 588 614 annotationibus,
656 549 823 614 Accedunt
856 551 996 615 eiusdem
1031 553 1146 616 Naekii
1182 552 1221 617 de
1256 553 1387 637 Virgilii

326 654 432 718 libello
460 656 614 719 iuvenalis
637 656 716 735 ludi,
744 655 784 720 de
808 657 940 722 Valerio
964 653 1085 722 (latone
1109 661 1237 744 eiusque
1261 660 1327 723 vita
1356 668 1390 723 et

326 763 429 847 poesi,
459 761 499 825 de
529 763 616 826 libris
647 771 710 825 tam
741 764 866 849 scriptis
899 786 991 848 quam
1025 764 1132 845 editis,
1164 768 1218 851 qui
1251 769 1389 830 carmina

325 867 455 932 Catonis
494 869 670 948 continent,
708 869 945 934 dissertationes
980 871 1042 938 IV.
1108 872 1192 937 Cura
1230 873 1386 937 Ludovici

325 973 490 1060 Schopeui.
535 976 666 1039 Bonnae
690 976 997 1042 MDCCCXLVII.

239 1080 302 1145 III.
327 1080 499 1166 Appendix
521 1081 708 1167 Vergiliana
730 1082 904 1148 Reoensuit
931 1093 964 1148 et
986 1085 1214 1170 prolegomenis
1239 1087 1388 1150 instruxit

324 1187 403 1251 Otto
436 1188 581 1252 Ribbeck
613 1193 654 1274 (p.
680 1191 865 1272 tot—178)
900 1191 1028 1276 Lipsiae
1061 1191 1387 1258 MDCCCLXVIII.

233 1294 301 1360 IV.
324 1294 446 1358 Poetae
474 1295 579 1358 Latini
607 1297 743 1360 minores
772 1296 944 1360 Reoensuit
974 1306 1006 1361 et
1029 1297 1209 1362 emendavit
1231 1299 1386 1363 Aemilius

322 1401 483 1466 Baehrens
495 1401 656 1468 Volumen
674 1403 710 1465 Π
727 1408 766 1488 (p.
782 1407 922 1488 73-83)
937 1404 1066 1489 Lipsiae
1078 1405 1384 1470 MDOOCLXXX.

305 1508 473 1572 Praeterea
494 1508 691 1594 respicienda
714 1510 789 1572 mihi
813 1519 880 1573 erat
902 1512 1123 1575 commentatio
1147 1535 1240 1597 quam
1261 1515 1388 1598 scripsit

216 1614 436 1678 Rothsteinius
475 1616 534 1696 „de
574 1615 668 1680 Diris
707 1623 737 1679 el
769 1617 881 1700 Lydia
915 1619 1140 1682 cormiaibw
1180 1621 1212 1681 in
1246 1618 1386 1682 Hermae

216 1730 290 1785 tom.
315 1724 366 1785 23.
412 1724 520 1804 (1888)
544 1744 614 1806 pag.
639 1725 822 1786 508-524.

321 1826 492 1891 Putsobius
523 1837 556 1891 et
585 1828 726 1892 Naekius
757 1832 789 1891 in
820 1829 1008 1894 carminibus
1039 1830 1231 1915 explicandis
1264 1832 1385 1914 praeci-

215 1957 309 2018 puam
332 1923 567 1998 collocaverunt
590 1957 725 2020 operam.
770 1935 964 1999 Ribbeckius
984 1944 1017 1999 et
1035 1938 1205 2000 novissime
1224 1935 1385 2000 Baehren-

215 2041 280 2103 sius
304 2041 429 2104 criticas
452 2048 643 2125 paraverunt
666 2039 829 2105 editiones.

237 2130 239 2135 ¹
322 2144 384 2210 Sed
423 2146 456 2209 in
494 2140 637 2210 versibus
676 2147 754 2232 ipsis
792 2148 966 2212 scribendis
1008 2149 1161 2233 imprimis
1198 2149 1384 2214 Baehreusii

216 2274 358 2337 magnam
388 2252 551 2316 audaciam
579 2253 815 2340 improbandam
841 2277 919 2334 esse,
944 2255 988 2318 eis
1013 2276 1092 2340 quae
1116 2265 1301 2340 sequuntur,
1330 2255 1386 2320 de-

215 2367 388 2422 monstrare
413 2351 487 2422 mihi
499 2422 500 2426 ,
512 2361 673 2444 proposui.

726 2613 871 2693 Dirae.

699 2776 729 2815 v.
753 2775 782 2815 v.
809 2755 903 2816 7-8.

334 2877 410 2955 ,,’,Εΐ
431 2897 585 2940 corrnersc
607 2883 693 2940 retro
716 2899 827 2940 rerum
851 2878 1015 2942 discordia
1034 2879 1146 2973 plr'scet

342 2982 453 3046 Madia
471 2984 571 3066 prius
594 2983 678 3066 ficut
701 3005 801 3066 qaum
825 3005 894 3046 coc
916 3005 989 3047 mac
1014 2985 1114 3048 libero
1137 2992 1273 3048 overto.“

320 3106 414 3171 Hanc
444 3108 582 3170 omnium
606 3106 749 3170 codicum
773 3109 958 3192 scripturam
983 3108 1153 3172 Putsobius
1176 3117 1249 3193 post
1273 3131 1383 3173 vocem

212 3213 357 3296 ,praest
374 3235 495 3276 comma
517 3235 637 3297 ponens
662 3213 693 3276 iu
717 3214 884 3278 verborum
908 3222 1088 3278 contextum
1108 3216 1234 3301 recepit.
1273 3215 1384 3281 Verba

212 3321 338 3399 „multa
365 3322 486 3404 prtus“
517 3319 599 3382 enim
630 3319 670 3383 ad
701 3342 825 3384 versum
857 3321 1093 3384 antecedentem
1122 3321 1286 3385 referenda
1313 3343 1382 3385 esse

215 3433 300 3488 ratus
324 3433 426 3489 totum
449 3426 552 3489 locum
575 3427 620 3490 ita
642 3429 876 3512 interpretatur:
910 3476 927 3507 „
937 3429 1097 3492 Universa
1124 3450 1236 3492 rerum
1259 3434 1384 3492 reaturo

212 3553 278 3595 sese
312 3539 473 3596 concertet
504 3534 610 3596 multa
641 3535 753 3618 prim,
787 3536 823 3597 id
855 3540 902 3597 est
932 3537 1035 3598 oculto
1064 3537 1174 3619 prius,
1229 3535 1306 3598 Meo
1338 3542 1385 3598 cst

103 3633 111 3641 “
216 3644 374 3702 neutram
393 3640 548 3723 pluralia
571 3641 717 3724 inlellepe
759 3633 860 3717 ruarm-
886 3662 991 3704 osiana
1014 3646 1061 3704 est
1083 3641 1256 3724 ablaticus,
1281 3647 1311 3705 et
1332 3644 1386 3705 att

213 3766 316 3829 saepe,
340 3746 453 3829 apsaro
477 3767 610 3810 carmen
633 3747 811 3830 sipalficol.
861 3748 977 3830 Itaque
997 3769 1113 3810 seusus
1129 3749 1182 3812 bic
1197 3754 1263 3811 est:
1288 3749 1385 3812 haedi

211 3853 345 3936 rapient
376 3854 469 3936 lupos
492 3859 570 3929 etc.,·
601 3853 802 3936 priusquam
831 3875 903 3916 aneu
939 3856 1051 3938 (rura)
1079 3875 1148 3917 nou
1177 3855 1278 3918 libero
1301 3857 1385 3938 fient

212 3959 358 4021 earmina
387 3959 677 4042 (iraprecolorio)“.

319 4064 383 4128 Sed
406 4065 477 4129 talis
501 4066 717 4152 interpretatio
745 4090 894 4153 perversa
922 4077 978 4131 est.
1029 4069 1110 4131 Nam
1136 4069 1384 4150 verba‘„mulla
