2982 4644
785 249 828 311 24

221 445 368 508 99393999
399 465 495 528 sopor
527 445 563 506 99
599 443 683 506 arari
717 443 953 506 coordim'crten
977 435 1271 526 -Tcmporotsdtrrerc
1309 444 1396 507 otae

228 551 474 634 Wicderimlrmq
509 571 574 615 corr
605 571 699 615 cum:
746 549 810 614 otc.
841 549 903 632 rin.
941 552 977 631 2,
1011 551 1066 631 19,
1100 552 1139 614 61
1172 571 1257 614 9999
1291 551 1396 614 ctiam

221 659 259 722 P.
286 659 421 740 Decius,
450 679 526 722 cam
548 679 582 722 sc
604 657 769 722 deuoueret
791 662 821 720 et
851 694 892 704 -
922 657 962 720 99
985 657 1128 720 mediam
1157 657 1261 721 aciem
1290 657 1392 720 Loti-

219 786 341 828 aarum
378 766 539 846 irruebat,
586 765 716 848 aliquid
755 765 792 828 de
833 764 1058 847 uoluptatibus
1098 764 1170 827 3993
1211 763 1395 847 9099999999

220 873 355 955 Mcdcip
385 873 488 936 99999
517 872 569 935 die
603 870 775 935 Corricotccr
803 871 974 934 devoverat
1002 870 1081 953 999,Ι
1102 869 1238 952 'Hoffm
1271 871 1397 934 crirldrt

219 980 281 1042 den
302 977 497 1042 0099999999
520 978 589 1061 cof
608 977 642 1042 S.
668 979 747 1041 123.
779 977 854 1040 Isin.
884 979 939 1057 29,
966 978 1021 1057 39,
1048 979 1169 1040 &cam
1198 977 1242 1040 cd
1265 976 1395 1040 tribum

223 1085 363 1148 Polliam
386 1091 521 1148 cerotum
545 1090 591 1148 est
614 1123 655 1130 —
680 1089 710 1148 et
732 1104 850 1167 praeco
873 1088 1084 1148 cunctaretur
1106 1088 1189 1147 aar.
1238 1080 1394 1146 Conferas

219 1191 314 1254 ctiam
337 1190 376 1254 de
400 1191 458 1255 hac
476 1213 510 1254 re
528 1191 697 1270 „Krthocm
718 1190 927 1254 Grammatiir
944 1191 1001 1253 der
1017 1180 1230 1254 lateinischcrt
1246 1188 1394 1272 upracae

219 1298 272 1379 II,
293 1319 370 1382 puy.
399 1299 490 1362 891“.

327 1403 380 1468 Ad
403 1402 633 1468 defendendam
660 1403 741 1467 hanc
764 1403 947 1468 varietatem
979 1403 1010 1466 in
1034 1402 1192 1482 versibus,
1221 1423 1301 1488 quos
1331 1424 1393 1467 nos

218 1519 401 1590 tractamm,
430 1511 564 1575 fortasse
594 1510 668 1574 licet
692 1508 820 1590 addere,
851 1509 883 1572 in
907 1510 1010 1595 priore
1034 1510 1248 1574 enuntiatione
1271 1507 1394 1572 indica-

218 1618 317 1681 tivum
342 1639 399 1681 suo
422 1617 491 1680 loco
515 1639 599 1697 esse,
627 1640 696 1680 cum
720 1617 784 1696 hic,
815 1616 868 1680 ubi
892 1624 1016 1703 tempus
1040 1615 1219 1696 definiatur,
1242 1615 1393 1679 coniunc-

217 1725 296 1789 tioni
319 1731 433 1804 „corrm‘
456 1727 504 1790 vis
528 1725 710 1810 temporalis
733 1724 821 1803 insit,
851 1745 920 1787 cum
944 1724 976 1787 in
1000 1746 1094 1788 versu
1117 1723 1292 1809 posteriore
1315 1744 1393 1786 con-

218 1832 377 1896 iunctivus
399 1833 522 1915 „forct‘
544 1832 679 1917 tempori
701 1831 882 1915 qualitatem
907 1830 1032 1894 tribuat.

324 1938 422 2016 Quod
452 1937 492 2002 ad
522 1938 807 2024 interpunctionem
837 1937 963 2015 attinet,
993 1936 1187 2000 Ribbeckius
1220 1958 1283 1999 non
1314 1958 1391 2001 vere

218 2044 376 2124 distinxit,
406 2068 478 2108 cum
508 2052 583 2130 post
611 2045 716 2124 „a'llr's“
745 2065 867 2107 comma
893 2051 1033 2128 poneret.
1078 2043 1161 2106 Nam
1188 2049 1263 2128 post
1284 2043 1393 2122 „e'llis“

218 2154 429 2229 enuntiatum,
469 2150 555 2236 quod
594 2152 681 2235 sequi
722 2149 830 2229 debet,
869 2149 997 2213 omnino
1036 2149 1134 2214 deest.
1206 2148 1319 2235 Itaque
1353 2159 1392 2213 ut

219 2267 343 2344 poetam
375 2258 570 2343 aposiopesis
599 2256 701 2321 forma
731 2279 822 2321 usum
855 2278 925 2320 esse
955 2257 1146 2341 significetur
1172 2256 1255 2319 hunc
1284 2256 1392 2320 locum

217 2367 262 2428 sic
285 2363 568 2450 interpungendum
591 2386 747 2450 propono:

376 2473 508 2551 „Aorm
531 2472 614 2556 quiri
638 2473 738 2536 ctiam
761 2492 837 2534 cam
859 2472 990 2534 succrrlc
1013 2471 1233 2550 calcabantur,

381 2579 533 2642 Condicio
556 2578 740 2662 similisque
763 2577 849 2660 foret
870 2577 1066 2641 mortalibus
1088 2577 1156 2640 99993
1179 2613 1220 2623 —-

377 2687 466 2749 Hcec
489 2706 615 2769 qaoque
636 2690 835 2768 praetereo.“

694 2957 744 2998 vv.
769 2934 909 2998 63-65.

298 3078 474 3164 „dcppo'ter
496 3083 572 3142 aare
595 3077 651 3140 399
672 3097 799 3162 semper
821 3076 993 3140 mendacio
1015 3075 1103 3160 sorti

301 3186 384 3249 Cam
406 3185 540 3250 damone
558 3184 659 3269 prius
682 3183 828 3248 ccciccc
851 3205 952 3268 quam
975 3183 1082 3248 dictas
1105 3186 1240 3266 uterque
1264 3185 1312 3244 cst

302 3293 434 3357 Gaudio
458 3292 574 3356 9999999
595 3292 721 3355 circem
743 3291 879 3374 foratam
902 3296 1075 3354 amorcm“.

321 3436 359 3499 In
384 3456 478 3499 versu
503 3436 544 3498 63
573 3435 682 3497 omnes
710 3431 846 3496 editores
869 3439 995 3516 praeter
1016 3430 1244 3496 Baehrensium
1267 3427 1388 3494 codicis

216 3542 483 3608 Helmstadiensis
515 3541 683 3605 lectionem
712 3539 836 3623 ,99999α
865 3547 1063 3625 receperunt,
1093 3560 1165 3602 cum
1193 3537 1388 3622 reliquorum

214 3651 363 3715 librorum
388 3649 574 3733 scripturam
597 3648 744 3731 „factas“
767 3645 961 3732 probabilem
977 3644 1165 3709 sententiam
1180 3665 1243 3707 non
1260 3642 1387 3708 efficiat.
1486 3639 1487 3646 '

321 3755 463 3820 Naekius
503 3753 542 3818 dc
580 3754 640 3817 hoc
678 3754 760 3831 loco,
794 3774 887 3836 quem
922 3753 998 3816 satis
1034 3773 1189 3836 superque
1228 3751 1387 3829 tractavit,

215 3863 309 3928 dixit:
340 3863 574 3946 „duapondom
597 3879 724 3945 semper
746 3859 918 3923 99999999
941 3865 972 3922 ct
992 3859 1048 3922 399
1070 3858 1158 3941 farti
1179 3857 1304 3921 dicitur
1321 3877 1386 3942 pro

214 3991 353 4034 suorum
385 3970 565 4052 fretorum.
618 3967 735 4050 Itaque
768 3967 936 4050 elcpcutcr,
968 3971 1008 4028 99
1040 3965 1126 4028 mihi
1157 3964 1304 4028 uidetur:
1341 3969 1389 4027 tot

215 4077 301 4140 euim
328 4096 465 4139 'ricimero
489 4075 582 4156 furta
606 4073 745 4156 srrcrrmt
769 4074 870 4153 doris,
894 4077 934 4135 99
956 4072 1053 4156 quasi
1074 4071 1113 4133 99
1136 4091 1204 4133 urm
1228 4071 1386 4134 coatirruo
