2982 4644
536 1207 796 1305 Praefatio.

189 1457 305 1535 „Diese
324 1457 499 1540 Reliquicn
522 1458 657 1541 („Dircc
678 1463 708 1521 et
725 1457 864 1541 Lyccc‘)
890 1458 1018 1520 werdere
1038 1457 1106 1519 auo
1121 1455 1249 1538 ferricr-

82 1565 144 1627 tin
173 1563 270 1627 cincre
299 1563 397 1626 Prata
425 1569 523 1627 cutm·
545 1565 648 1647 jecere
678 1565 947 1647 afferanqsusee
977 1564 1168 1626 Problcrncre
1198 1562 1249 1624 bc-

82 1671 206 1748 hcltcrc,
236 1691 281 1733 cu
312 1671 426 1734 rmelche
456 1671 507 1734 dc'c
531 1671 720 1754 Philompcre
743 1671 968 1734 Ehrcotclbcr
988 1675 1064 1752 pote
1088 1671 1160 1733 ch't
1182 1671 1254 1733 arad

82 1777 187 1860 Kraft
217 1798 263 1840 rc
295 1778 543 1842 eicrscheocadcu
571 1779 710 1862 pslepcrr.
771 1777 819 1840 Es
850 1777 934 1840 steht
964 1777 1041 1840 aber
1075 1798 1133 1840 am
1172 1777 1249 1840 Ver-

81 1883 252 1947 sto'rrdrcc‘ss
282 1885 354 1946 aad
383 1884 592 1968 Herstellceup
620 1885 675 1947 des
706 1883 828 1963 Tecmo,
858 1883 944 1948 cuch
971 1903 1068 1946 werre
1099 1905 1179 1947 mco
1201 1883 1253 1946 die

78 1991 271 2073 pcwoicotcre
301 1990 477 2053 irritischco
501 1991 695 2069 Heilmc'ttcl,
733 1991 992 2073 umsteuaeyee,
1024 1990 1159 2054 Lc‘c‘clrcrc
1182 1991 1254 2053 aad

81 2097 201 2160 audere
242 2096 452 2175 herbeixiclet,
490 2097 677 2160 schiimmer
718 2098 767 2160 alc
808 2097 949 2160 Ribbeck
988 2097 1132 2179 ropcberc
1170 2097 1249 2161 call.

82 2203 232 2287 Appead,
266 2203 396 2286 Μαί).
426 2205 502 2266 50“.

189 2309 227 2372 In
251 2308 328 2372 haec
351 2308 574 2394 Bemhardyi1)
599 2309 703 2388 verba,
726 2331 796 2372 oum
820 2309 951 2372 fortuito
974 2308 1163 2388 incidissem,
1187 2331 1253 2373 oar-

82 2415 174 2480 minis
198 2417 372 2480 accuratius
395 2415 582 2500 inspioiendi
605 2415 763 2502 cupiditas
786 2438 836 2479 me
860 2416 958 2500 cepit,
981 2424 1017 2479 ut
1039 2414 1251 2495 diiudicarem,

81 2543 144 2606 quo
171 2524 238 2585 iure
267 2521 490 2608 Bemhardyus
521 2521 599 2586 dura
631 2522 685 2585 illa
712 2521 809 2586 verba
834 2524 1019 2607 scripsisset.
1066 2522 1252 2587 Conceden-

81 2627 158 2691 dum
181 2651 256 2693 sane
280 2637 357 2714 puto
381 2651 420 2692 cx
443 2629 493 2692 his
517 2652 596 2714 quae
620 2629 736 2708 inveni,
759 2629 858 2692 multa
881 2636 913 2692 ct
936 2628 967 2692 in
991 2629 1139 2693 Dirarum
1164 2638 1197 2693 et
1219 2630 1251 2693 in

80 2734 202 2820 Lydiae
227 2735 380 2815 versibus,
404 2744 438 2798 ut
461 2735 544 2821 apud
568 2758 676 2800 omnes
699 2735 767 2799 fere
783 2737 962 2821 scriptores,
985 2758 1042 2821 per
1057 2736 1252 2800 sacculorum

81 2863 207 2906 cursum
236 2842 531 2928 interpolationibus
562 2863 632 2906 esse
663 2851 821 2927 corrupta,
854 2841 910 2906 sed
941 2845 1077 2906 maxima
1100 2866 1139 2907 ex
1163 2852 1251 2928 parte

81 2948 141 3012 viri
174 2948 257 3012 illius
290 2948 374 3012 docti
406 2949 555 3013 iudicium
586 2949 741 3013 editorum
771 2950 882 3013 rationi
916 2949 1148 3014 attribuendum
1182 2972 1251 3015 esse

79 3054 158 3118 mihi
188 3057 342 3140 persuasi,
373 3057 426 3140 qui
457 3058 561 3120 omnia
591 3078 699 3119 manca
730 3064 762 3119 et
790 3056 975 3141 imperfecta
998 3078 1067 3120 esse
1091 3056 1194 3136 obliti,
1224 3058 1251 3122 si

79 3160 157 3247 quid
187 3164 290 3226 minus
321 3162 480 3247 eleganter
509 3161 628 3227 dictum
659 3171 708 3226 est
737 3172 792 3227 aut
821 3163 861 3226 ab
889 3163 1007 3227 usitato
1035 3163 1134 3250 modo·
1157 3164 1251 3249 paulo

79 3268 209 3348 recedit,
232 3268 272 3332 ad
296 3268 491 3334 coniecturas
515 3270 707 3354 confugiunt.

188 3375 284 3452 Quod
318 3383 353 3438 ut
384 3385 546 3461 appareat,
578 3377 701 3439 illorum
738 3377 907 3440 carminum
938 3378 1023 3442 locos
1059 3377 1251 3441 difficiliores

79 3483 141 3546 hac
164 3485 426 3546 commentatione
449 3482 589 3548 breviter
612 3491 780 3547 retractare
804 3484 878 3547 mihi
903 3485 1003 3548 liceat.

189 3588 371 3654 Carminum
395 3590 549 3654 editiones
572 3589 631 3654 hae
655 3589 686 3653 in
710 3598 858 3675 promptu
881 3590 958 3654 mihi
981 3591 1121 3657 fuerunt:

137 3695 164 3761 I.
188 3696 311 3763 Valerii
335 3696 466 3761 Catonis
494 3699 630 3760 carmina
658 3696 767 3760 Editio
798 3697 988 3761 Putschiana
1018 3699 1152 3784 repetita
1179 3721 1251 3762 cum

188 3805 272 3869 notis
305 3803 447 3868 Putschii
482 3813 514 3867 et
544 3797 756 3869 Wernsdonfii
792 3803 945 3868 omnibus.
991 3804 1076 3870 Cura
1106 3805 1178 3869 Joh.
1210 3807 1250 3870 A.

189 3910 299 3975 Gilles.
345 3903 483 3974 Londini
508 3914 602 3976 1838.
1183 3955 1233 4037 Ῠ
1252 3942 1307 4016 Η,

191 4089 210 4158 ι)
229 4088 400 4158 chhardy,
419 4088 569 4143 Grundriss
588 4089 637 4143 der
655 4095 722 4143 rom.
743 4090 908 4157 Litteratur,
926 4109 952 4161 p.
972 4092 1031 4146 636.
