2982 4644
678 211 889 306 ‚ll

306 401 351 463 Et
390 423 461 464 cum
503 403 631 466 verbum
673 404 829 484 „ducere“
874 404 1028 488 significet
1072 405 1382 487 „beruorbm'npcn“
1466 403 1467 458 ἶ

201 530 324 593 semper
353 516 520 593 usurpatur
550 508 589 572 de
619 509 671 589 iis,
706 532 785 594 qnae
809 533 916 589 manu,
950 533 1012 574 non
1045 533 1124 595 quae
1156 518 1268 574 natura
1299 533 1385 596 pro·
1466 515 1467 572 l

200 614 350 678 feruntur.

307 700 382 785 Sed
405 722 524 786 nullum
558 725 735 807 exemplum
770 747 819 787 me
853 724 1029 808 repperisse
1067 724 1169 787 fateor
1205 746 1268 808 quo
1309 745 1383 787 vox
1466 711 1467 774 l

200 829 356 909 „arrnbros
379 831 514 893 diacon
537 831 695 915 probetur.
740 831 908 894 Praeterea
926 831 980 894 illa
995 830 1180 894 Baehrensii
1196 829 1383 893 mutatione

200 956 291 998 omne
315 934 447 999 tradit-ae
471 936 614 1000 lectionis
639 937 806 1021 vestigium
831 937 959 1000 tollitur.

306 1041 525 1106 Rothsteinius
556 1042 697 1106 codicum
728 1042 855 1128 quidem
886 1045 1039 1128 scriptura
1062 1051 1187 1108 servata
1216 1044 1379 1128 („tcmde-

199 1151 307 1232 mvras‘ss
345 1149 427 1212 inter
458 1171 569 1213 versus
585 1211 587 1218 ,
604 1152 644 1212 26
678 1158 711 1213 et
743 1153 783 1214 27
818 1172 913 1212 unum
945 1151 1118 1236 interponit
1144 1157 1239 1234 atque
1268 1158 1382 1213 totum

200 1254 303 1318 locum
325 1255 370 1318 ita
392 1256 480 1340 legit:

359 1363 527 1443 „Lenibus
551 1369 581 1426 et
602 1366 746 1426 ruoltona
770 1365 893 1426 nostras
916 1370 1049 1427 cantato
1073 1365 1189 1427 libellis

365 1470 498 1554 Optimo
520 1471 692 1551 silvorum,
717 1471 872 1554 formosis
893 1472 996 1534 ‘denso
1018 1471 1165 1552 cirene,

359 1574 528 1639 Nonium
552 1598 624 1640 cere
649 1583 724 1640 tuos
747 1579 884 1640 alternis
906 1577 1027 1640 ictibus
1050 1577 1164 1640 bordas

362 1683 549 1747 llandemas
573 1685 702 1765 uirides
727 1684 863 1747 umbros
886 1705 944 1748 racc
968 1685 1051 1746 loeta
1074 1684 1235 1746 comantis

358 1790 505 1853 Jaetaots
528 1791 636 1854 mollis
658 1811 768 1855 roaros
791 1791 991 1872 inflantibus
1014 1791 1143 1854 cariof‘

306 1895 458 1962 Virorum
487 1897 569 1959 enim
598 1896 761 1959 doctorum
789 1917 984 1958 communem
1014 1917 1149 1959 errorem
1173 1917 1246 1958 eum
1269 1895 1377 1958 fuisse
1466 1915 1467 1932 ¹

200 2010 308 2065 censet
336 2001 570 2081 Rothsteinius,
601 2011 635 2065 ut
665 2001 737 2064 inde
768 2024 787 2064 a
818 2002 923 2065 verbis
961 2023 1041 2083 „nec
1074 2004 1157 2066 loeta
1186 2003 1379 2065 comantia“
1466 2047 1467 2050 ,

199 2130 315 2171 novam
339 2109 525 2171 sententiam
549 2109 686 2193 incipere
710 2107 889 2187 crederent,
912 2131 1005 2192 quam
1028 2131 1047 2171 a
1070 2108 1166 2171 verbo
1190 2109 1378 2189 ‚ambas“
1466 2153 1467 2160 κ

199 2214 322 2277 initium
346 2237 458 2299 capere
482 2215 653 2294 existimat,
681 2214 793 2300 copula
821 2236 883 2277 non
912 2216 1013 2299 primo
1037 2215 1106 2277 loco
1129 2214 1242 2299 posita.
1288 2214 1378 2278 Nam
1466 2205 1467 2232 l

199 2342 300 2405 neque
323 2321 503 2383 umbrarum
527 2322 718 2385 mentionem
741 2344 759 2383 a
781 2342 936 2384 ramorum
960 2321 1127 2384 iactatione
1150 2328 1235 2384 recte
1262 2320 1376 2384 divelli

199 2450 300 2512 neque
330 2427 406 2490 ferri
436 2449 530 2512 posse
561 2426 624 2490 duo
654 2422 823 2506 adiectiva,
855 2428 1060 2508 „comantis“
1083 2435 1116 2490 et
1139 2427 1299 2508 ‚,mollts“,
1332 2426 1375 2490 ad

198 2534 283 2597 idem
312 2534 545 2598 substantivum
575 2534 684 2597 eadem
713 2534 833 2596 ratione
856 2534 1059 2618 pertinentia,
1090 2534 1276 2618 praesertim
1301 2555 1374 2596 cum

199 2641 279 2704 hano
302 2642 476 2706 ubertatem
506 2643 537 2703 in
562 2640 775 2725 sequentibus
789 2640 894 2704 verbis
922 2641 1144 2722 „inflantibus
1167 2643 1285 2703 ατιφνίεα
1309 2662 1375 2703 non

199 2748 297 2830 magis
321 2747 484 2811 toleranda
504 2747 627 2811 exilitas
645 2747 812 2831 exciperet.
859 2747 979 2810 Contra
994 2746 1227 2830 elegantissime
1243 2769 1263 2810 a
1278 2754 1376 2831 poeta

200 2855 373 2917 orationem
396 2854 560 2916 formatam
585 2863 617 2917 et
640 2853 779 2938 epitheta
802 2852 957 2937 disposita
980 2875 1058 2932 esse,
1082 2854 1109 2916 si
1125 2851 1185 2914 hoc
1202 2851 1373 2916 voluisset:

199 2961 310 3044 Neque
341 2960 423 3022 laeta
452 2959 582 3023 iactabis
611 2959 736 3022 umbras
767 2961 919 3022 comantis
947 2960 1030 3022 auris
1058 2957 1161 3022 mollis
1190 2980 1294 3022 ramos
1325 2959 1375 3021 in-

198 3066 355 3129 flantibus.
401 3065 493 3141 Quae
525 3075 679 3129 restarent
713 3065 809 3129 verba
842 3067 1041 3147 „tundamus
1076 3065 1219 3128 virides“
1254 3064 1373 3128 nullam

199 3195 256 3257 per
285 3195 319 3235 se
346 3172 461 3234 habere
489 3173 675 3235 sententiam
704 3194 805 3256 neque
836 3173 1015 3235 coniectura
1037 3173 1081 3234 ita
1103 3180 1139 3233 ut
1161 3171 1294 3235 haberet
1317 3172 1373 3234 ali-

199 3302 291 3363 quam
315 3280 428 3340 mutari
451 3300 559 3362 posse,
584 3278 640 3342 sed
664 3279 799 3342 fortasse
823 3286 943 3363 partem
967 3279 1140 3340 sententiae
1164 3299 1248 3357 esse,
1283 3279 1373 3341 cuius

199 3385 322 3446 initium
351 3406 413 3446 uno
443 3370 536 3446 versu
564 3385 679 3448 amisso
707 3385 861 3469 periisset.
906 3383 1046 3448 Umbrae
1078 3385 1159 3446 enim
1189 3384 1250 3447 sub
1278 3407 1373 3448 aurae

199 3491 274 3553 flatu
303 3491 629 3554 commemorationem
660 3491 690 3553 in
722 3491 903 3553 memoriam
927 3511 1074 3553 revocare
1103 3489 1253 3554 feriarum
1278 3492 1374 3555 rusti·
1426 3561 1429 3569 ,

200 3620 303 3661 carum
328 3595 570 3680 descriptiones,
593 3619 670 3681 quas
693 3596 857 3660 dedissent
879 3596 1023 3659 Tibullus
1048 3595 1108 3678 (II,
1133 3599 1166 3675 5,
1192 3600 1234 3660 95
1260 3604 1317 3682 sq.)
1340 3608 1374 3662 et

199 3704 365 3766 Lucretius
389 3703 434 3784 (V
458 3705 542 3765 1390
568 3709 633 3787 sq.),
657 3704 710 3787 qui
735 3687 909 3765 saltationis
932 3703 963 3763 in
988 3702 1097 3765 eadem
1120 3724 1154 3764 re
1178 3706 1371 3768 mentionem

198 3809 345 3873 facerent.
391 3809 464 3872 dam
489 3831 560 3871 oum
583 3815 745 3892 „quatere
767 3809 893 3890 pellere,
913 3810 1049 3890 pabore
1074 3814 1218 3872 terram“
1246 3809 1288 3874 ‹le
1313 3812 1373 3875 sal-

199 3917 317 3978 tatione
346 3924 458 4000 poetae
489 3914 643 3993 dicerent,
674 3923 705 3978 et
735 3913 888 3977 Horatius
918 3913 949 3974 in
980 3937 1013 3976 re
1042 3914 1134 3977 simili
1163 3915 1215 3994 (A.
1241 3940 1270 4000 p.
1296 3922 1372 4000 430)

199 4023 326 4105 „saltet
357 4023 472 4084 tundet
490 4022 570 4106 pede
595 4028 745 4099 rer-raon,
775 4020 826 4082 hic
849 4041 973 4103 quoque
997 4019 1036 4082 de
1059 4021 1177 4083 rustica
1201 4022 1370 4088 saltatione
