2982 4644
648 823 884 1002 Theses,

281 1279 308 1343 I.
340 1278 455 1343 Tibull.
475 1278 541 1358 III,
566 1283 594 1359 2,
615 1282 657 1343 24
681 1278 784 1342 Hiller
806 1301 824 1341 a
847 1277 965 1342 codicis
988 1277 1020 1341 Α
1044 1277 1198 1364 scriptura
1220 1277 1363 1357 „dives“

176 1385 243 1450 sine
266 1387 350 1450 iusta
372 1408 467 1450 causa
489 1385 616 1450 recedit.

281 1509 327 1573 H.
359 1509 586 1574 Demosthenis
609 1509 759 1573 orationis
782 1531 862 1592 quae
886 1508 970 1576 κατὰ
995 1507 1147 1588 Κόνωνος
1169 1508 1360 1573 inscribitur

176 1618 194 1698 ἓ
220 1619 239 1681 9
268 1617 400 1702 primam
430 1618 616 1680 sententiam
646 1615 692 1678 ita
722 1613 1000 1678 conformaverim:
1030 1615 1087 1682 καὶ
1114 1614 1154 1682 τὰ
1180 1615 1240 1707 μὲν
1263 1605 1357 1682 {itta

174 1723 232 1790 καὶ
255 1721 467 1813 βλασφημίαν
490 1722 556 1806 ἔχει
579 1719 652 1789 τινὰ
676 1723 733 1789 καὶ
757 1719 929 1807 ὀνομάζειν
954 1714 1125 1811 ὀννήοαιμ)
1149 1717 1188 1788 dv
1218 1719 1252 1788 ἒν
1273 1718 1358 1806 ὑμῖν

177 1827 281 1914 [ibici

281 1951 346 2015 ΙΠ.
375 1952 416 2015 In
439 1951 534 2037 Scph.
558 1951 670 2015 Trach.
695 1975 723 2015 v.
742 1954 803 2016 196
827 1974 885 2037 prc
909 1952 944 2020 ab
968 1952 1027 2041 γὰρ
1050 1955 1185 2020 ποθοῦν
1214 1953 1356 2034 ἕκαστος

174 2059 246 2142 lego
268 2056 310 2125 τὰ
333 2055 392 2147 γὰρ
416 2057 547 2126 nonelv'
574 2059 719 2138 ἕκαστος.

282 2181 346 2248 IV.
369 2182 489 2249 Verbis
505 2181 702 2266 „quibusque
718 2184 750 2244 in
768 2190 879 2246 senatu
896 2181 1000 2246 dicere
1017 2183 1205 2247 sententiam
1219 2182 1355 2246 liceret“

175 2289 258 2372 (Liv.
273 2287 410 2368 XXIII,
433 2291 483 2352 32.
508 2287 680 2367 XXXVI,
698 2293 728 2372 3)
752 2289 967 2372 significantur
982 2310 1091 2352 omnes
1112 2289 1154 2369 ei,
1177 2288 1230 2374 qui
1249 2290 1355 2373 magi-

175 2403 293 2460 stratus
322 2403 411 2458 erant
437 2393 627 2478 quibusque,
657 2393 733 2457 dum
759 2417 886 2459 munere
910 2394 1037 2480 publico
1060 2393 1284 2478 fungebantur,
1314 2395 1354 2458 in

176 2503 364 2566 sententiam
388 2500 550 2565 discedere
574 2524 638 2565 non
660 2500 783 2565 licebat

282 2626 326 2693 V.
359 2625 437 2691 Vox
464 2625 621 2711 ‚,pedarii“
648 2633 767 2689 certum
795 2632 973 2689 senatorum
1001 2624 1143 2689 ordinem
1165 2647 1228 2689 non
1251 2625 1354 2710 signi-

176 2733 262 2812 ficat,
290 2731 347 2796 sed
370 2734 475 2796 iocose
500 2740 650 2817 usurpata
673 2740 722 2795 est
743 2731 783 2795 de
808 2732 853 2795 eis
877 2732 1090 2810 senatoribus,
1118 2732 1184 2816 qui,
1207 2753 1277 2794 cum
1301 2730 1354 2796 eis

175 2837 301 2902 dicendi
335 2837 470 2902 facultas
500 2837 640 2917 deesset,
668 2836 801 2923 pedibus
824 2846 945 2902 tantum
976 2838 1009 2901 in
1041 2839 1227 2902 sententiam
1259 2837 1355 2901 ibant

175 2966 276 3028 neque
300 2945 398 3008 verba
419 2943 586 3008 faciebant.
