3010 4644
679 234 721 296 25

594 325 806 332 ——.-——

114 430 339 512 cdrrlterrbqac
354 428 479 512 fuerit'
493 413 603 503 'Quasi
617 427 727 490 dicas:
752 427 816 490 Vor
832 428 895 489 den
911 427 1034 509 (ἐπήρθη
1049 426 1285 509 Tczrschccpec

114 537 223 601 aanor
254 537 424 601 opacare

222 641 287 707 Sed
309 663 448 707 conexus
472 640 638 705 verborum
658 646 752 720 „onte
770 641 826 704 sui
843 661 970 724 semper
985 640 1158 704 mendacia
1172 639 1286 722 sarid,

113 751 168 834 qui
201 749 394 814 Graecorum
425 746 549 811 dicendi
582 748 733 812 rationem
766 747 919 825 imitatur,
952 747 1074 810 etiarnsi
1107 747 1138 809 in
1170 746 1285 809 Latino

114 878 258 921 sermone
287 856 480 920 elocutiones
508 854 616 940 quales
644 862 718 918 sunt
740 875 885 938 ,seraper
907 853 1099 917 mandaram
1121 852 1286 916 inveniun-

114 972 179 1043 tur,
210 984 280 1026 cum
303 963 380 1026 haec
403 962 500 1026 verba
523 983 542 1024 a
564 960 796 1047 praepositione
818 966 932 1039 ‚,arrtc“
959 958 1132 1045 pendeant,
1160 959 1285 1044 elegans

114 1077 201 1134 certe
223 1091 287 1132 non
311 1075 368 1133 est.

222 1175 346 1241 Eodem
380 1174 494 1239 mendo
528 1174 650 1238 laborat
687 1173 866 1237 coniectura
904 1173 1103 1252 Baehrensii‚
1140 1175 1194 1256 qui
1229 1195 1286 1257 pro

112 1283 240 1368 „fortc‘“
272 1283 379 1368 posuit
411 1282 561 1362 „cultas“
594 1289 630 1344 ut
663 1283 820 1344 sententia
854 1281 909 1350 sit:
944 1281 1035 1361 „Vor
1068 1281 1132 1343 dcc
1164 1280 1286 1363 cwipcn

116 1391 354 1474 Tdcmcbanpec
382 1390 490 1454 seina
517 1389 667 1453 Gestolt‘.
717 1388 797 1452 Nam
826 1388 917 1452 aliam
948 1389 1013 1453 vim
1045 1409 1107 1451 vox
1137 1388 1287 1466 „cultrra“

114 1497 174 1561 hoc
201 1497 272 1562 loco
299 1497 414 1561 habere
442 1498 560 1580 nequit.
606 1495 741 1561 Accedit
767 1494 853 1580 quod
876 1495 1060 1560 Baehreusii
1083 1494 1177 1558 lectio
1200 1502 1286 1556 certo

114 1603 257 1668 codicum
281 1602 485 1668 fundamento
510 1611 602 1668 caret.

221 1709 380 1796 Equidem
410 1711 470 1775 alia
502 1707 689 1774 emendandi
721 1710 841 1776 ratione
872 1709 977 1773 locum
1010 1707 1184 1773 sanandum
1216 1730 1286 1772 esse

115 1840 238 1883 censeo.
295 1817 448 1883 Codicum
483 1818 634 1881 lectiones
667 1817 813 1899 „factas“
848 1824 879 1878 et
912 1815 1044 1898 „fcrr·ta'“,
1079 1837 1151 1878 cum
1186 1815 1286 1898 magis

115 1922 310 2010 discrepent,
344 1947 437 2008 quam
470 1932 505 1986 ut
536 1923 653 1988 librarii
688 1945 774 1987 error
807 1919 992 1986 statuendus
1030 1920 1174 1985 videatur
1208 1943 1287 2001 esse,

115 2031 245 2096 alteram
268 2031 447 2094 coniectura
470 2030 527 2093 niti
551 2038 719 2116 postquam
741 2028 817 2092 mihi
840 2029 996 2113 persuasi,
1020 2028 1287 2094 Helmstadiensis

116 2139 303 2223 scripturam
326 2137 448 2222 „sarid
473 2135 513 2199 ob
538 2157 607 2200 eam
630 2137 729 2222 ipsam
753 2157 888 2213 causam,
911 2134 996 2219 quod
1020 2137 1207 2200 sententiam
1230 2159 1288 2222 per

116 2265 150 2308 se
175 2264 282 2308 sanam
305 2243 448 2329 praebet,
471 2243 561 2328 sequi
584 2263 771 2326 magnopere
795 2240 914 2306 dubito.

223 2351 253 2414 A
287 2350 492 2436 plurimorum
524 2349 619 2434 igitur
650 2349 933 2435 manuscriptorum
964 2349 1099 2414 lectione
1132 2351 1287 2434 „factus“,

116 2455 378 2545 proficiscendum
411 2478 480 2521 esse
511 2479 569 2542 pro
601 2463 689 2519 certo
723 2455 884 2520 affirmem.
939 2456 1044 2533 Quam
1079 2478 1190 2520 vocem
1223 2456 1287 2519 leni

116 2564 290 2628 mutatione
313 2562 447 2629 emendo
470 2563 502 2626 in
525 2563 674 2646 ,‚fossus“
696 2571 789 2646 atque
812 2562 918 2628 verbis
946 2563 1021 2641 „sui
1043 2584 1169 2648 semper
1191 2585 1285 2626 racu-

117 2671 213 2736 dcca'c
235 2671 367 2754 fossus‘
394 2676 547 2733 commate
574 2668 750 2732 interclusis
773 2691 885 2733 versus
909 2671 1040 2734 63-65
1065 2671 1110 2733 sic
1136 2668 1287 2754 legendos

115 2799 273 2864 propono:

192 2883 371 2969 ‚dappiter
393 2889 482 2962 ante,
505 2883 561 2946 aaa
583 2902 710 2967 semper·
732 2884 905 2949 mendacia
926 2885 1052 2970 scasas,

197 2989 280 3054 (hcm
303 2990 450 3069 Jaoone,
468 2989 569 3074 praua
592 2989 837 3075 coctusquam
860 2991 967 3055 dictos
989 2997 1125 3074 aterque
1148 2995 1210 3069 est,

198 3097 332 3161 Gaudia
355 3097 472 3160 libavit
493 3098 619 3162 dabam
642 3097 778 3180 foratas
800 3104 973 3161 aamercort

224 3203 426 3269 Germanice:
450 3205 598 3284 „Vorbcr
625 3206 694 3287 (ror
716 3204 795 3287 mir)
824 3204 882 3268 aar
903 3204 1067 3288 anfflter,
1090 3206 1147 3268 der
1168 3205 1289 3268 immor

116 3311 205 3376 seiae
232 3311 470 3395 Tr'r'ascburapcc
493 3310 695 3393 einpcstcrrd,
723 3311 786 3374 mit
813 3311 870 3374 der·
892 3309 996 3389 Joao,
1026 3312 1081 3374 ebe
1103 3312 1159 3374 der
1181 3311 1289 3376 Ncme

123 3419 217 3483 (dotto
242 3418 329 3483 bca’de
352 3417 509 3496 carbonel,
539 3417 691 3481 beimlc'cb
720 3417 772 3479 da'e
795 3423 913 3480 scissem
935 3416 1089 3480 Freadec
1111 3419 1168 3482 der
1189 3419 1289 3482 Diade

114 3526 278 3609 palmatet‘.

225 3631 279 3696 Ad
302 3629 494 3718 probandam
518 3631 599 3696 hanc
621 3630 789 3695 lectionem
812 3628 962 3693 nonnulla
984 3627 1130 3694 addenda
1153 3640 1235 3694 sunt.

224 3739 310 3816 Quin
343 3759 420 3802 voce
450 3739 660 3818 ‚‚rrccndaca'o“
690 3745 785 3823 poeta
818 3735 903 3801 dicat
938 3736 1141 3817 mutationeS,
1175 3738 1289 3823 quibus

117 3845 265 3933 Juppiter
296 3865 354 3908 sua
384 3843 469 3908 furta
500 3845 623 3909 celabat
652 3854 685 3909 et
714 3843 946 3922 dissimulabat,
978 3841 1109 3907 dubium
1138 3867 1202 3909 non
1233 3854 1289 3910 est.

117 3953 236 4020 Varias
259 3953 341 4015 enirn
366 3953 500 4016 maxime
524 3953 703 4016 animalium
726 3951 843 4015 formas
867 3952 1017 4014 mentitus
1033 3950 1182 4036 duppiter
1199 3953 1290 4017 muli·

118 4082 187 4123 eres
210 4067 329 4124 amatas
352 4057 430 4122 adiit
454 4068 483 4124 et
509 4062 702 4145 compressit.
