3010 4644
788 239 829 301 22

222 434 313 514 „nisi
334 433 428 496 sitris
450 434 545 517 foma
569 435 675 496 locutu
699 439 765 496 esr‘
789 433 862 513 vim,
886 456 978 518 quam
1003 433 1223 498 Rothsteinius
1247 434 1313 498 eius
1337 436 1394 498 tri-

221 539 303 618 buit,
333 541 438 603 iuesse
468 539 656 625 persuadere
686 539 762 602 mihi
792 561 854 604 non
886 562 1012 625 possem
1043 548 1075 604 et
1105 550 1268 626 praeterea
1296 541 1394 606 verba

221 648 356 728 „omm'a
378 668 434 711 eos
458 648 555 710 eslis“
579 669 641 709 non
670 648 738 710 siue
762 646 935 711 offensione
964 655 1085 726 esseut,
1115 646 1234 712 diutius
1264 647 1304 711 de
1334 648 1393 711 boo

220 753 289 816 loco
312 754 462 837 cogitanti
488 753 564 816 mihi
586 752 672 816 aliud
695 752 867 817 remedium
891 743 1049 838 quaerere
1063 757 1166 818 visum
1190 762 1247 818 est.

326 860 511 924 Baehrensii
536 862 727 940 oouieotura,
759 883 853 944 quam
881 869 912 924 et
936 861 1012 924 satis
1035 860 1138 924 lenem
1161 868 1194 924 et
1216 861 1391 924 sententiae

220 969 414 1052 aptissimam
438 987 507 1030 esse
531 989 626 1051 supra
649 967 711 1030 iam
734 966 814 1046 dixi,
841 975 967 1052 recepta
995 967 1026 1030 iu
1055 989 1149 1031 versu
1173 968 1226 1052 qui
1250 968 1393 1052 sequitur

219 1096 276 1159 pro
308 1075 427 1155 „esaar
455 1073 591 1137 scribere
618 1074 765 1154 „reostz's“
793 1073 870 1136 mihi
898 1074 1017 1158 placuit
1043 1075 1101 1152 ita,
1129 1081 1164 1136 ut
1191 1082 1277 1137 totus
1301 1073 1390 1138 loeus

220 1181 264 1243 sio
288 1180 416 1244 evadat:
1118 1177 1131 1190 “

307 1287 375 1368 „m
397 1309 480 1370 quoe
499 1309 624 1371 pompa
647 1288 757 1367 oleum,
783 1287 852 1350 misi
874 1289 950 1351 oilie
973 1288 1068 1371 foma
1091 1288 1198 1351 mereto
1220 1293 1280 1367 est,

308 1432 349 1440 -
379 1395 500 1457 Omm'o
523 1415 579 1456 ros
602 1394 706 1456 nostis
730 1433 771 1440 -
794 1415 904 1457 seeo-m
927 1415 990 1457 soa
1010 1395 1135 1476 quadro
1156 1399 1280 1476 pestot‘

219 1501 386 1564 vernaculo
421 1522 578 1564 sermone:
617 1501 722 1581 „Uod
760 1501 859 1564 welch
895 1502 966 1564 eine
1002 1500 1107 1564 Sebor
1144 1521 1208 1564 oorr
1252 1501 1389 1564 Gottern

218 1608 326 1690 sethri,
359 1629 454 1670 werm
476 1608 569 1671 ntem
591 1608 645 1670 er'rr
669 1608 774 1670 eiteles
803 1607 947 1670 Gerriebt
965 1609 1162 1691 pesproebert
1184 1608 1243 1671 bai
1265 1647 1307 1654 —
1333 1609 1389 1672 mr

223 1714 362 1799 (Gotter)
392 1716 485 1777 miset
507 1716 585 1778 alles
609 1753 650 1762 -
674 1715 745 1778 ihre
768 1713 921 1778 maedan
944 1715 1008 1777 mr't
1028 1715 1098 1778 siet
1124 1766 1130 1778 .
1159 1766 1165 1779 .
1194 1719 1234 1778 .“.

324 1821 444 1889 Verbis
477 1822 612 1902 „omma
644 1842 700 1885 ros
732 1822 866 1902 nostis“,
907 1819 1020 1904 quibus
1061 1829 1155 1906 poeta
1193 1820 1389 1906 parenthesis

216 1928 317 1991 forma
348 1949 423 1992 usus
454 1926 582 1990 deorum
616 1949 762 2012 pompam
795 1927 975 2011 alloquitur,
1007 1927 1039 1990 in
1072 1927 1130 1991 hao
1164 1927 1390 1991 sententiarum

217 2057 339 2098 oonexu
363 2056 547 2120 expressum
571 2042 633 2097 est:
659 2033 730 2100 Vos
755 2033 827 2115 (dei)
851 2034 948 2112 soitiS,
971 2041 1075 2097 utrum
1094 2034 1179 2097 lama
1195 2055 1268 2098 vere
1284 2033 1390 2098 locuta

217 2143 260 2205 sit
282 2163 391 2205 neone.

323 2249 504 2330 „errator
534 2247 710 2332 significant
738 2247 799 2311 hoo
829 2247 898 2310 loeo
928 2269 1094 2332 personam
1118 2247 1168 2311 vel
1199 2269 1279 2326 rem,
1309 2269 1389 2331 quae

215 2354 365 2439 gaudium
393 2357 510 2419 excitat
537 2354 724 2419 Germanice
754 2355 988 2438 „Geperrslmrd
1014 2356 1071 2418 der
1099 2355 1240 2435 diemde,
1271 2354 1387 2418 Lusff‘.

324 2462 391 2526 Ofr.
416 2460 514 2528 Ovid.
539 2462 629 2546 epist.
653 2460 771 2547 Sapph.
798 2463 874 2525 107:

337 2571 422 2650 „Per
446 2570 519 2649 tibi,
544 2570 604 2652 poi
626 2590 802 2652 uunquam
826 2570 916 2651 lortpe
939 2568 1087 2649 discedit,
1112 2569 1279 2649 Amorem,

383 2678 510 2759 Perque
533 2697 648 2739 uorem
671 2677 761 2756 iore,
785 2676 930 2739 nummo
953 2681 1079 2757 nostru,
1107 2676 1193 2755 dem,

342 2783 424 2846 Crem
447 2783 533 2846 mitt
555 2783 662 2846 neseio
686 2783 762 2865 qmss
785 2782 924 2864 seruiunt
948 2786 1006 2846 too
1026 2783 1164 2865 perdiu,
1188 2782 1287 2862 drmit,

382 2891 449 2953 Nee
472 2911 522 2952 me
545 2889 622 2971 llere
645 2889 704 2951 diu
728 2909 786 2951 aee
804 2889 953 2972 potuisse
977 2890 1096 2972 loqui“.

322 2994 419 3060 Ovid.
443 2997 533 3080 epist
560 2997 610 3069 17,
633 2997 689 3058 43:

375 3103 534 3184 „Gaudio
556 3107 695 3185 rapturo
718 3103 749 3163 sr'
772 3102 848 3185 qma
872 3103 933 3164 tibi
954 3123 1108 3186 rumpere
1130 3102 1222 3164 vellet

420 3210 537 3272 Aerios
560 3209 680 3289 aditus,
705 3230 769 3290 quo
789 3214 936 3294 paterere
959 3209 1093 3272 φηοιίοὲα

320 3316 385 3393 Qui
422 3316 512 3401 plura
545 3313 667 3378 discere
702 3315 769 3378 vult
807 3314 846 3378 de
882 3315 1037 3378 sententia
1067 3314 1190 3376 illorum
1224 3334 1387 3392 versuum,

214 3424 330 3488 Naekii
354 3424 426 3489 libri
449 3445 518 3508 pag.
545 3422 896 3507 172-184inspiciat.

690 3641 741 3681 vv.
765 3619 906 3680 47--4a

337 3747 472 3826 „Aureo
495 3744 579 3826 quin
603 3743 702 3806 etiam
726 3763 801 3805 orem
823 3743 955 3805 soeculo
978 3740 1191 3804 ooloeborztm·

342 3851 496 3914 Condicio
519 3850 703 3933 similisque
726 3850 811 3933 foret
832 3847 1026 3911 rrzortelibus
1049 3848 1116 3910 illis

338 3957 427 4020 Hoee
451 3977 578 4038 quoque
597 3961 766 4040 praetereo
789 3960 906 4019 reolum
930 3955 1092 4018 Mirror'dr's
1115 3957 1264 4016 astrum‘

318 4064 370 4126 Sio
396 4084 505 4127 versus
529 4062 560 4124 in
586 4061 731 4125 omnibus
762 4069 887 4125 exstant
915 4060 1085 4125 codicibus
1131 4059 1204 4136 Qua
1228 4061 1383 4144 scriptura
