3010 4644
701 230 739 292 11

134 427 236 510 egisse
259 434 386 512 poetam
410 429 475 490 veri
501 448 538 489 eo
562 424 695 488 similius
718 447 787 488 esse
816 421 901 508 quod
928 422 1065 485 formosa
1092 420 1175 484 illius
1206 420 1304 484 silvae

135 535 237 596 vireta
261 555 298 596 eo
323 555 415 596 versu
439 534 492 616 qui
516 530 694 611 antecedat,
718 549 1008 594 commemoremur.

241 657 367 722 Versus
391 679 483 742 quem
498 655 718 720 Rothsteinius
734 655 907 740 interponit
923 662 955 718 et
973 653 1012 716 de
1035 675 1098 737 quo
1121 661 1186 715 tam
1208 652 1307 714 multa

134 763 232 828 verba
254 763 338 843 facit,
361 766 459 848 magis
484 763 583 826 oritioi
605 765 703 826 menti
727 770 759 826 et
782 761 965 845 cogitationi
990 782 1082 845 quam
1107 767 1219 844 poetae
1236 781 1304 822 sen-

134 871 252 934 tentiae
283 869 463 956 respondet.
509 869 596 933 Nihil
627 868 810 932 offensionis
841 867 956 931 habere
986 866 1071 951 quod
1096 874 1189 952 poeta
1211 865 1304 928 huius

134 977 280 1040 carminis
312 976 374 1040 duo
405 976 545 1061 epitheta
580 978 795 1059 (,‚eomaiiies“
821 984 853 1038 et
876 976 1039 1057 ,‚molles“)
1075 973 1169 1036 ramis
1200 971 1305 1051 adicit,

132 1105 244 1147 versus
270 1086 310 1148 92
335 1091 482 1147 testatur:

309 1208 445 1290 „Mollia
467 1229 537 1272 aaa
559 1209 681 1270 iterum
705 1208 845 1290 eurpeiis
864 1207 991 1289 pabule
1013 1205 1122 1270 aoid(
1215 1221 1216 1224 ’
1272 1223 1274 1226 ·

240 1315 408 1378 Praeterea
441 1338 533 1399 quam
567 1313 787 1377 Rothsteinius
817 1312 982 1398 proposuit
1012 1311 1210 1396 interpositio
1241 1331 1303 1372 non

133 1422 200 1484 veri
224 1421 334 1485 similis
358 1421 432 1484 mihi
458 1420 676 1484 videturesse
700 1442 769 1484 earn
797 1420 837 1484 ob
866 1442 1004 1499 oausam,
1032 1418 1116 1503 quod
1145 1417 1199 1480 tali
1229 1419 1305 1480 scri-

132 1527 229 1592 bendi
264 1530 385 1592 ratione
415 1528 512 1591 verba
549 1528 691 1609 „uirides
717 1528 880 1608 umbras“,
916 1549 996 1611 quae
1031 1534 1143 1610 poetae
1179 1525 1304 1609 saepius

132 1637 323 1720 coniungere
347 1635 450 1698 solent
472 1642 520 1698 ut:

239 1759 340 1844 Verg.
364 1759 432 1823 Eol.
455 1758 509 1822 IX
533 1762 588 1823 20:

292 1917 312 1947 ,‚
315 1915 459 1930 .....
486 1866 726 1950 peristomium
750 1865 944 1948 florentibus
967 1864 1075 1928 herbis

295 1971 470 2056 Spurperet
492 1978 553 2035 dut
574 1973 677 2035 uiridi
699 1973 806 2055 sontes
828 1972 998 2034 induceret
1019 1971 1181 2033 umbrd?“

230 2096 293 2162 Cir.
319 2100 353 2160 4:

283 2203 470 2284 „Flereetis
494 2204 596 2266 uiridi
618 2204 750 2287 sophiae
774 2203 997 2285 eompleetitar
1020 2203 1160 2265 eninm<

239 2326 347 2393 Valer.
371 2326 474 2390 Flauo.
497 2326 562 2407 III,
587 2329 664 2392 708:

184 2434 303 2516 ,duae
325 2455 429 2517 aeque
451 2435 678 2516 ium'sroades
701 2435 823 2498 uirides
846 2455 905 2497 aee
923 2433 1070 2518 proferet
1092 2433 1247 2496 reinbrus“

131 2539 332 2604 divelluntur.
380 2539 515 2604 Auoedit
541 2540 627 2624 quod
649 2563 718 2604 eam
741 2540 909 2604 verborum
937 2541 1188 2603 coniunctionem
1219 2541 1300 2623 (,‚eo-

133 2647 259 2711 moniis
282 2647 451 2731 umbras)
479 2647 510 2710 in
535 2669 597 2731 qua
620 2655 652 2710 et
675 2647 906 2710 substantivum
931 2655 964 2709 et
986 2645 1177 2709 adieetivum
1203 2654 1304 2728 trans-

131 2753 194 2816 late
227 2753 331 2838 posita
360 2755 436 2832 sint,
469 2761 501 2816 et
532 2753 577 2816 ita
604 2753 731 2837 quidem
758 2761 794 2816 ut
823 2752 904 2816 duae
928 2751 1071 2816 diversae
1095 2752 1247 2837 imagines
1272 2753 1303 2814 in

131 2857 227 2922 uuum
258 2859 501 2939 confundantur,
532 2883 606 2922 num
636 2868 731 2946 poeta
760 2859 921 2924 Romanus
953 2881 1088 2943 unquam
1117 2858 1303 2936 adhibuerit,

132 2986 322 3050 magnopere
346 2965 464 3030 dubito.

239 3071 320 3136 (lum
344 3075 440 3155 igitur
463 3074 616 3152 omnium,
649 3073 762 3157 quibus
787 3075 845 3138 viri
870 3073 955 3137 doeti
980 3075 1029 3138 usi
1052 3081 1138 3152 sunt,
1170 3071 1304 3136 remedi-

132 3201 222 3242 orum
245 3179 364 3242 nullum
386 3180 455 3242 loeo
480 3180 645 3243 sanitatem
669 3181 787 3258 attulit,
816 3179 900 3244 aliud
929 3202 1076 3265 quaerere
1100 3179 1176 3242 mihi
1200 3181 1303 3243 visum

133 3294 188 3349 est.
235 3285 402 3369 Equidem,
425 3295 577 3371 utsupra
600 3287 669 3366 feei,
699 3309 756 3371 pro
779 3288 979 3368 ,desudemus
1002 3287 1123 3350 uirides
1146 3287 1304 3349 iiirebrds“

131 3391 299 3476 legendum
323 3415 465 3477 propono
488 3399 582 3474 „inm
605 3394 698 3476 flebis
721 3395 842 3458 virides
865 3395 1023 3458 omliras“
1051 3393 1157 3470 Quam
1180 3393 1303 3456 coniec-

133 3507 235 3562 turam
269 3507 301 3562 et
330 3499 496 3563 verborum
530 3509 562 3563 et
594 3501 819 3563 sententiarum
852 3503 986 3564 oouexui
1020 3499 1201 3565 satisfacere
1233 3522 1304 3584 per-

132 3627 259 3668 suasum
288 3605 397 3669 habeo.
418 3623 419 3626 ’
443 3605 521 3673 Vox
552 3607 685 3690 ,‚(lebis“
710 3607 882 3692 respondet
909 3608 1071 3692 aptissime
1095 3607 1200 3672 verbis
1224 3628 1303 3688 „iiee

133 3713 217 3776 laeta
236 3713 405 3793 iuetdbis“‚
427 3722 459 3776 et
477 3713 554 3776 illud
570 3719 685 3795 „iend‘
701 3714 837 3798 pertinet
852 3713 893 3777 ad
908 3715 1157 3778 coniunctionem
1174 3718 1301 3795 „eiim“,

132 3840 211 3902 quae
240 3819 271 3880 in
297 3841 389 3883 versu
416 3823 454 3884 31
488 3821 636 3904 sequitur.
682 3822 873 3906 „Umbrae“
896 3822 1018 3906 positae
1042 3831 1115 3884 sunt
1138 3843 1195 3904 pro
1218 3821 1303 3884 fron-

132 3923 226 3988 dibus
251 3926 399 3990 eiramis
423 3927 564 3990 umbram
588 3926 837 3991 diffundentibus
861 3937 897 3990 ut
920 3927 1019 4010 Verg.
1039 3927 1189 4012 Georg.I
1225 3932 1301 3994 157:

215 4051 333 4132 „Foloe
352 4073 482 4136 premes
505 4053 659 4115 dmidium
683 4054 829 4136 uotisque
852 4053 1017 4117 eoeuueris
1039 4053 1209 4122 inebrior.
