3010 4644
623 334 629 336 ν
696 230 831 336 *lb-N
908 307 910 309 ,

245 435 319 512 Qua
348 435 380 498 in
410 434 547 498 lectione
578 434 775 518 acquiescere
803 433 944 497 Naekius
975 456 1037 497 non
1069 433 1225 499 dubitavit
1253 431 1310 496 hac

136 564 286 607 versuum
310 542 563 627 interpunctione
586 540 740 605 adhibita:

267 649 359 730 „Hoc
381 649 528 732 formosa
549 649 667 731 magis,
691 669 764 712 mea
788 649 875 732 quod
896 649 1045 731 formosa
1062 649 1176 732 puella

267 757 330 819 Est
352 756 459 818 cobis:
486 756 580 818 tacite
604 760 757 818 nostrum
779 755 929 838 suspirat
951 759 1127 819 umorcuz“.

246 860 438 938 Quomodo
462 861 540 925 haec
564 861 661 925 verba
685 861 834 946 explicari
850 860 936 941 velit,
960 861 1009 924 his
1027 862 1169 946 exponit:
1198 868 1312 942 ..‚‚cst

137 969 228 1032 uobis
250 969 438 1052 siguificat:
462 973 570 1032 aestro
593 974 648 1032 est.
705 968 827 1049 Vestra,
851 969 932 1052 quoia
951 969 1078 1032 abscon.
1132 968 1202 1044 Quo
1222 969 1311 1032 euim

138 1081 280 1160 tempore
302 1076 372 1159 ipse
394 1076 434 1138 io
457 1076 547 1158 apris
570 1081 641 1138 erat
667 1073 759 1151 Cato,
781 1075 892 1157 Ispdc'u
914 1076 1024 1159 ipsius
1047 1080 1148 1138 erut“.

244 1181 336 1245 Haec
366 1180 493 1265 quidem
523 1181 680 1245 sententia
709 1203 766 1266 per
796 1203 829 1244 se
861 1203 935 1245 sane
964 1182 1041 1245 satis
1064 1189 1137 1267 apta
1161 1189 1223 1261 est,
1254 1180 1311 1246 scd

138 1289 370 1352 enuntiatorum
394 1309 532 1351 conexus
555 1288 595 1352 ab
619 1285 739 1351 editore
763 1289 842 1350 ratio
862 1287 969 1351 habita
984 1311 1046 1351 non
1064 1297 1120 1351 est.
1167 1286 1311 1372 Sequun-

137 1403 190 1458 tur
213 1394 296 1458 enim
318 1394 428 1458 verba:

347 1553 352 1564 .
382 1553 387 1564 .
445 1502 562 1582 „tacite
586 1507 738 1564 nostrum
760 1503 911 1586 suspirat
932 1505 1107 1566 umorem“.
1216 1581 1220 1589 ¹

245 1607 320 1684 Quo
346 1605 440 1671 modo
458 1607 537 1671 haec
556 1608 729 1671 enuntiatio
745 1630 817 1671 oum
833 1606 1034 1693 praecedenti
1049 1616 1122 1693 apte
1138 1608 1311 1688 cohaereat,

139 1715 216 1779 mihi
248 1714 341 1800 plane
377 1714 545 1778 obscurum
580 1723 636 1778 est.
695 1714 852 1799 Equidem
887 1716 1075 1780 vocabulum
1110 1720 1198 1796 „esd‘
1233 1716 1311 1796 uitio

137 1822 238 1909 premi
272 1821 543 1905 coniecturamque
578 1843 658 1906 opus
694 1843 763 1885 esse
792 1821 927 1885 Heinsio
956 1821 1103 1886 concedo.
1157 1822 1311 1886 Heinsius

139 1929 275 1992 coniecit
297 1929 357 2009 „in
386 1929 525 2012 (vobis)“
548 1949 642 2012 quam
666 1929 852 2014 scripturam
874 1928 1069 1993 Ribbeckius
1085 1928 1312 1992 Baehrensius-

139 2057 200 2120 que
228 2037 261 2097 in
288 2036 456 2098 verborum
484 2041 665 2098 contextum
693 2043 885 2120 receperunt.
932 2035 997 2100 Sed
1024 2036 1101 2101 baec
1130 2036 1312 2099 coniectura

143 2142 236 2205 nimis
272 2163 290 2204 a
324 2139 484 2205 codicibus
518 2141 678 2221 abhorret,
717 2163 807 2227 quam
844 2150 880 2205 ut
914 2165 981 2206 cam
1016 2143 1148 2228 probare
1183 2143 1311 2228 possim.

142 2248 225 2312 Mihi
248 2270 308 2330 „cs
336 2249 475 2333 (uobis)“
500 2240 635 2312 scribere
659 2249 762 2312 visum
786 2258 843 2312 est
889 2249 980 2326 Quae
1003 2250 1135 2313 mutatio
1163 2250 1312 2314 facillima

142 2355 225 2420 effici
248 2362 368 2441 potest,
398 2374 467 2417 oum
498 2355 602 2418 littera
631 2360 695 2437 „ff
718 2355 920 2440 neglegenter
950 2357 1068 2441 scripta
1091 2358 1246 2420 simillima
1270 2358 1312 2421 sit

141 2463 255 2526 litteris
279 2466 359 2543 „st“,
389 2462 573 2547 praesertim
602 2484 673 2525 cum
701 2463 735 2525 in
758 2461 918 2526 codicibus
942 2485 1118 2527 consonans
1142 2468 1195 2545 „t“
1217 2465 1311 2550 paulo

140 2577 264 2632 tantum
294 2590 389 2654 super
419 2569 533 2632 lineam
567 2567 641 2632 duci
674 2569 774 2632 soleat
808 2569 874 2650 (cir.
904 2574 968 2651 „wa
1001 2578 1033 2633 et
1064 2575 1162 2653 „oc“).
1223 2570 1311 2654 Lego

141 2674 250 2760 igitur:

529 2833 548 2864 „
588 2834 594 2846 .
623 2834 629 2846 .
655 2805 728 2846 mcc
752 2784 838 2867 quod
860 2783 1006 2865 formosa
1024 2785 1137 2868 puella

317 2889 371 2952 Es
393 2889 483 2952 uobis
508 2891 602 2953 tacite
625 2895 777 2954 bostrum
800 2891 950 2975 suspirat
972 2894 1138 2954 umorem“

144 2993 345 3059 Germanice:
369 2996 479 3076 „Wec'l
492 2997 583 3060 mma
598 2997 731 3060 setunes
748 2997 910 3060 Muscam
925 3018 988 3061 uus
1004 3018 1098 3060 curer
1113 2996 1208 3060 Maste
1237 2999 1312 3081 (coa

143 3102 223 3166 cuch
245 3102 313 3185 ber)
341 3102 412 3166 sa'cb
432 3102 481 3164 im
507 3102 625 3166 Satan
648 3103 734 3166 noch
756 3104 883 3166 ‘metum
904 3103 1003 3166 Isicbe
1025 3103 1149 3167 sebat‘.

248 3207 446 3294 Praepositio
480 3213 560 3290 „eff
594 3211 719 3294 saepius
752 3209 854 3272 locum
889 3209 1055 3294 significat,
1090 3209 1173 3274 unde
1208 3217 1311 3274 motus

144 3317 250 3396 oritur,
273 3314 359 3400 quod
383 3315 423 3379 ad
447 3315 633 3380 sententiam
659 3323 790 3401 spectat,
813 3315 928 3380 talibus
947 3316 1025 3380 locis
1044 3315 1128 3379 idem
1146 3316 1211 3380 fere
1228 3316 1313 3380 valet

142 3443 179 3486 ao
200 3423 393 3508 praepositio
416 3423 506 3503 „a'a“.
702 3405 705 3410 ¹

639 3639 690 3682 vv.
715 3619 811 3681 6-7.

249 3739 290 3804 In
315 3741 459 3806 versibus
484 3742 569 3804 6-7
595 3763 703 3806 omnes
726 3743 798 3806 libri
821 3744 1025 3830 manuscripti
1047 3743 1177 3808 habent:

261 3847 330 3930 „Et
351 3868 424 3910 mcc
445 3848 612 3912 submissu
629 3850 809 3914 meditatu-r
831 3850 983 3914 carmina
1005 3872 1077 3914 socc

265 3953 385 4018 Ocotat
407 3959 438 4018 ct
458 3955 584 4018 interca
607 3956 693 4018 mitt
716 3977 799 4040 quiae
822 3957 1035 4020 cantabatis
1058 3963 1195 4021 carew

145 4068 177 4123 et
199 4068 283 4124 recte
306 4060 433 4146 quidem
456 4082 526 4124 meo
549 4060 673 4125 iudicio.
