2982 4644
313 418 499 501 Priusquam
528 416 776 480 coniecturarum
807 415 920 499 quibus
943 415 1138 481 Ribbeckius
1163 426 1195 480 et
1217 417 1385 482 Baehren-

207 526 271 589 sius
295 525 344 588 usi
367 532 449 603 sunt,
472 523 664 586 mentionem
687 522 811 602 faciam,
834 545 896 606 quo
920 521 1014 586 modo
1039 546 1097 607 ego
1121 523 1217 588 verba
1239 527 1271 587 in
1287 524 1383 589 libris

205 631 321 696 tradita
344 631 493 716 explicari
515 629 620 708 velim,
644 629 783 694 breviter
806 639 969 714 exponam.

312 737 484 814 Quaeritur
513 736 665 821 imprimis
696 758 756 819 qua
786 736 906 800 ratione
935 735 1118 800 adverbium
1142 738 1319 819 „a'atereo“,
1343 739 1381 800 in

205 867 267 930 quo
292 845 350 908 viri
374 843 417 907 illi
443 842 527 906 docti
551 843 727 921 haeserunt,
751 842 1019 928 interpretandum
1042 843 1092 907 sit.
1139 842 1198 907 Oui
1220 844 1380 908 vocabulo
1454 843 1459 853 '

205 951 337 1016 eandem
361 951 411 1013 hic
435 950 694 1034 significationem
718 951 821 1013 inesse
845 958 922 1034 puto
946 972 982 1014 ac
1005 950 1077 1015 voci
1101 951 1318 1031 „a'ratcrdam“.

310 1058 377 1135 Qui
412 1078 487 1121 usus
522 1058 644 1120 etiamsi
679 1057 846 1120 rarissimis
881 1057 1034 1142 exemplis
1069 1057 1281 1136 confirmatur,
1319 1058 1378 1122 cfr.

204 1165 258 1230 Sil.
283 1164 356 1232 VII
381 1167 458 1228 395:

338 1272 489 1354 „Interea
514 1309 554 1316 —-
582 1272 671 1334 crede
694 1276 831 1354 asperto,
855 1292 924 1335 noa
946 1271 1097 1352 fallimus
1121 1310 1162 1320 -
1187 1272 1292 1355 capras

362 1379 424 1442 Nil
444 1379 583 1441 monisse
605 1379 696 1442 solas
719 1378 836 1440 rebas“

203 1526 245 1535 -
269 1485 324 1548 ubi
347 1507 387 1548 ex
409 1485 590 1570 interpretis
613 1483 742 1547 arbitrio
765 1483 897 1568 pendet,
927 1506 1019 1568 quam
1048 1492 1237 1569 potestatem
1261 1484 1377 1550 adver-

202 1593 255 1658 bio
289 1593 457 1674 „c'atereo“
488 1590 619 1668 tribuat,
651 1612 722 1653 cum
756 1590 852 1654 verba
881 1591 1009 1674 „aspris
1040 1592 1157 1654 ΜΛΝ(
1185 1591 1378 1675 generaliter

203 1700 288 1764 dicta
311 1721 381 1763 esse
404 1698 537 1784 possint,
561 1697 691 1779 (interea
704 1731 733 1751 =
751 1697 922 1780 bisweilen)
946 1697 1030 1781 quod
1051 1697 1127 1760 mihi
1144 1706 1272 1782 propter
1294 1698 1375 1762 illud

202 1809 312 1888 „crede
328 1812 466 1890 capertO,
483 1827 551 1868 noa
566 1805 739 1887 fclltmam“
755 1804 821 1873 veri
838 1804 1029 1868 simillimum
1046 1804 1180 1885 videtur,
1196 1805 1306 1868 autad
1322 1828 1374 1869 res

203 1922 350 1998 angustas
367 1914 582 1977 Romanorum
602 1911 780 1996 pertineant
795 1913 925 1992 (interea
940 1944 970 1966 =
986 1911 1186 1996 inzwischen)
1207 1951 1248 1960 -
1265 1921 1372 1976 tamen

203 2043 266 2086 vox
290 2021 475 2102 „iatcra'm“,
505 2040 584 2102 quae
613 2017 744 2082 eandem
771 2017 839 2081 fere
863 2018 925 2081 vim
960 2018 1056 2083 habet
1078 2026 1171 2103 atque
1194 2020 1372 2101 „c'aterca“,

202 2127 413 2212 compluribus
442 2127 519 2190 locis
548 2147 604 2210 pro
633 2126 842 2206 „laterclum‘
866 2133 1016 2210 usurpata
1039 2133 1096 2189 est.
1141 2126 1196 2189 cfr.
1220 2126 1329 2202 Quint.
1352 2126 1373 2190 I

203 2239 231 2314 2,
255 2239 289 2297 4:
325 2233 515 2317 „corrumpi
542 2253 647 2296 mores
674 2232 713 2294 c'u
742 2232 858 2295 sobolis
882 2237 1020 2316 patant:
1054 2254 1134 2296 nam
1163 2239 1193 2296 et
1218 2254 1369 2296 corrum-

197 2346 331 2426 pantur
361 2340 512 2420 interam,
545 2341 601 2402 sed
631 2340 721 2402 domi
744 2343 901 2422 quoquc“.
949 2338 1059 2414 Quint.
1082 2338 1114 2416 I,
1139 2344 1167 2418 3,
1192 2344 1224 2404 3:
1258 2362 1372 2422 „eamr

203 2453 381 2511 tumescat
410 2447 449 2509 ta
477 2468 512 2509 rc
542 2448 679 2530 duplos:
714 2467 805 2508 ranas
835 2447 921 2528 quod
947 2447 1084 2510 interim
1113 2447 1267 2529 sufficere
1297 2448 1370 2511 illos

201 2556 347 2618 minores
371 2553 593 2617 salsamenta
642 2551 753 2628 Quint.
772 2551 835 2632 IX,
861 2557 889 2631 3,
909 2555 964 2616 27:
989 2558 1051 2633 „at
1067 2554 1106 2616 aa
1129 2553 1210 2616 cibis
1233 2554 1369 2618 lateram

200 2683 276 2726 acor
306 2663 376 2746 ipse
407 2661 576 2724 locandus
609 2664 684 2722 est“⁸
743 2658 863 2722 Seneca
894 2658 1011 2722 consol.
1043 2659 1092 2722 ad.
1125 2659 1223 2722 Marc.
1256 2659 1300 2739 II,
1335 2663 1367 2724 l:

200 2769 351 2850 „malari
374 2769 462 2832 barac
484 2766 620 2830 intortos
644 2788 767 2830 oaorem
791 2767 947 2850 eapedtt‘.

306 2874 484 2951 Quominus
508 2872 748 2958 explicationem
765 2873 907 2937 vocabuli
927 2875 986 2954 „aa
989 2878 1094 2937 lerca“
1117 2895 1208 2958 quam
1225 2873 1367 2938 Naekius

200 2983 433 3067 proposuit(
467 2980 541 3042 dum
566 2979 686 3061 absum)
710 2979 888 3064 probemus,
912 2987 1128 3064 praeterquam
1152 2980 1238 3065 quod
1256 3003 1274 3044 a
1289 2980 1368 3044 Rib-

199 3089 311 3153 beckio
342 3110 453 3152 causae
486 3086 527 3150 ad
557 3088 703 3150 carminis
733 3085 869 3148 confecti
898 3094 1023 3171 tempus
1054 3108 1142 3172 spec
1129 3094 1231 3151 tantes
1260 3096 1367 3150 contra

200 3219 266 3260 eam
300 3196 412 3258 allatae
445 3203 532 3273 sunt,
564 3194 659 3257 etiam
689 3215 725 3256 eo
758 3192 973 3277 prohibemur,
1005 3193 1090 3277 quod
1120 3194 1173 3258 illa
1203 3195 1365 3274 sententia,

199 3325 292 3388 quam
315 3301 457 3366 Naelrius
480 3300 632 3365 adverbio
656 3301 714 3381 „aa
717 3305 823 3364 terca“
845 3300 963 3378 tribuit,
986 3300 1041 3362 vix
1065 3300 1096 3363 in
1120 3300 1180 3363 hoc
1199 3301 1365 3365 verborum

198 3432 319 3473 conexu
349 3406 627 3472 concedendat
579 3416 640 3489 est,
671 3429 742 3470 cum
771 3407 833 3470 iam
863 3430 901 3470 ex
931 3407 1039 3493 primis
1064 3408 1208 3472 versibus
1231 3406 1365 3492 Lydiam

198 3524 292 3602 poeta
314 3516 443 3580 absente
467 3537 578 3578 canere
602 3523 758 3600 appareat

304 3622 374 3706 Ego
402 3630 502 3685 totum
531 3622 687 3685 locumt
662 3630 707 3685 1ta
735 3621 921 3686 Germanice
946 3630 1079 3686 vertam:
1110 3623 1216 3704 „uad
1237 3623 1283 3686 sc‘e
1306 3624 1367 3687 ult

197 3731 261 3793 mal
249 3730 385 3793 lleiser
418 3729 557 3792 Stemma
589 3730 695 3792 metrae
726 3730 844 3792 Medea
878 3729 933 3792 ella
966 3731 1038 3792 und
1068 3731 1158 3813 sarept
1145 3731 1362 3812 tbiswea'tea,

199 3857 268 3899 coos
291 3837 338 3899 sie
361 3836 505 3899 miricas
533 3836 601 3900 oar
623 3857 667 3898 aa
690 3856 806 3918 stapes
825 3836 913 3920 pslcq
916 3841 974 3900 t.e“

303 3942 406 4027 Lydia
433 3965 516 4006 nova
544 3943 680 4006 carmina
707 3951 819 4028 poetae
848 3942 1004 4006 submissa
1031 3965 1108 4007 voce
1135 3943 1305 4008 meditatur
1332 3954 1364 4010 et

198 4050 354 4113 interdum
388 4059 443 4113 not
442 4073 496 4113 um
529 4073 667 4130 carmen,
701 4049 787 4135 quod
818 4058 912 4134 poeta
943 4059 1107 4136 praesente
1143 4052 1267 4138 saepius
1302 4052 1361 4116 iam
