2982 4644
600 320 604 323 Β
697 227 716 288 9

114 428 188 484 toto
212 423 349 484 carmine
372 429 514 506 apparet,
542 421 574 482 in
602 442 663 505 quo
687 441 817 504 magnus
842 418 936 482 animi
960 417 1093 481 affectus
1116 439 1290 501 magnaque

115 536 233 612 poetae
265 528 419 592 acerbitas
449 527 593 590 cernitur.
646 526 758 611 Itaque
789 525 925 590 editores
957 525 1146 588 recentiores
1170 525 1289 608 optimo

115 634 187 698 iure
211 633 324 718 Silligii
348 642 380 697 et
402 633 544 697 Putsohii
568 636 778 697 coniecturam
801 634 969 712 „lusibus‘f
990 639 1183 716 receperunt.

226 741 266 803 In
291 763 383 805 versu
413 744 455 805 28
483 741 554 805 libri
582 750 615 804 et
642 763 736 803 manu
764 748 796 804 et
823 742 907 825 typis
932 739 1040 824 scripti
1064 739 1146 801 inter
1169 760 1203 800 se
1226 736 1291 802 dis-

117 849 268 911 sentiunt.
311 847 444 911 Codices
468 849 523 931 B¹)
548 856 580 912 et
602 848 640 910 M
669 847 821 932 praebent
850 848 1073 928 „tondernus“‚
1104 845 1205 907 HPT
1237 867 1290 908 ex-

117 953 230 1017 hibent
263 957 494 1036 ,‚tundenrus“.
543 953 705 1040 Scriptura
737 956 957 1035 „tundernus“
995 975 1052 1037 per
1090 974 1123 1015 se
1163 951 1289 1014 omnino

118 1053 277 1124 sintentia
307 1070 404 1141 caret,
435 1061 492 1125 sed
521 1084 560 1125 ne
591 1062 685 1124 lectio
715 1063 929 1142 ‚,tondernus“
958 1059 1086 1144 quidem
1116 1080 1190 1122 vera
1220 1080 1289 1122 esse

116 1175 238 1252 potest,
269 1168 354 1252 quod
383 1177 478 1253 poeta
507 1171 574 1253 ipse
605 1190 666 1231 non
697 1167 850 1231 tondebat
877 1166 1001 1236 silvam
1017 1188 1118 1250 neque
1142 1173 1289 1228 tonsmus

117 1283 200 1354 erat,
216 1274 284 1338 sed
312 1277 339 1338 is
367 1275 419 1359 qui
448 1284 574 1360 poetam
597 1275 696 1360 agello
724 1282 855 1360 paterno
884 1274 1030 1358 privavit.
1076 1272 1188 1356 Itaque
1211 1271 1289 1335 Pus

116 1381 224 1444 sebius
264 1383 390 1466 scripsit
427 1383 622 1463 „tonderis“,
661 1405 740 1466 quae
779 1383 958 1444 coniectura
992 1379 1031 1442 ad
1066 1379 1289 1442 sententiarum

117 1487 271 1566 ordinem,
295 1489 348 1572 qui
371 1489 511 1552 futurum
535 1497 659 1573 tempus
683 1488 794 1573 poscit,
818 1497 891 1573 apta
914 1510 976 1550 non
1002 1495 1058 1550 est.

226 1595 368 1658 Naekius
399 1605 431 1658 et
461 1595 656 1658 Ribbeckius
686 1595 896 1658 coniecturam
920 1593 1076 1658 Gronovii
1100 1593 1288 1674 ‚‚tondebis“

116 1711 314 1786 receperunt.
360 1701 465 1778 Quam
481 1702 521 1766 ad
542 1703 745 1764 mutationem
762 1701 903 1764 Naekius
919 1701 996 1764 haec
1012 1699 1154 1763 adnotat:
1179 1701 1285 1779 „Tou-

116 1808 208 1870 debis
231 1808 262 1871 tr.
282 1830 306 1871 e.
327 1809 526 1872 tondeberis:
556 1814 595 1871 ut
622 1808 800 1871 Candidior
818 1814 996 1892 postquam
1019 1808 1166 1870 tondenti
1190 1807 1289 1870 burun

117 1915 263 1992 cudebat,
302 1916 388 1998 Virp.
422 1915 491 1978 net.
518 1916 541 1977 I
542 1964 550 1994 ,
577 1918 632 1978 29,
691 1915 831 1978 Tendere
861 1936 925 1997 pro
961 1915 1100 1992 tonderi,
1131 1918 1288 1996 potestate

116 2021 209 2084 uerbi
237 2022 436 2084 Graecorum
459 2023 573 2101 medii,
596 2023 677 2085 satis
701 2023 821 2085 usitate
844 2022 994 2084 dieitur“.
1043 2019 1106 2084 Sed
1130 2019 1207 2082 haec
1235 2043 1289 2082 ex-

117 2127 246 2210 plicatio
278 2127 357 2191 falsa
389 2136 438 2192 est
469 2149 539 2190 meo
572 2126 697 2191 iudicio.
753 2129 834 2191 Nam
864 2128 945 2191 silva
971 2127 1041 2212 ipsa
1068 2148 1129 2189 non
1159 2125 1289 2205 iubebit,

118 2232 175 2296 sed
199 2234 337 2318 patietur
359 2233 491 2313 tonderi,
516 2235 560 2296 eis
580 2243 683 2297 autem
708 2234 784 2298 locis
809 2234 953 2298 omnibus
978 2233 1030 2297 ubi
1054 2233 1193 2296 activum
1218 2241 1289 2295 ton-

118 2337 214 2402 dendi
239 2340 327 2404 verbi
350 2341 505 2426 reperitur
527 2363 584 2425 pro
607 2340 721 2415 medio,
745 2342 854 2404 subest
868 2341 955 2403 notio
971 2339 1109 2403 iubendi.
1155 2339 1290 2402 Accedit

118 2445 203 2529 quod
227 2447 354 2510 omnino
378 2447 510 2510 verbum
533 2442 699 2525 tondendi,
729 2469 798 2509 cum
830 2469 939 2510 versus
966 2450 1005 2510 32
1036 2446 1121 2509 idem
1144 2446 1211 2510 tere
1236 2469 1289 2509 ex-

118 2552 241 2636 primat,
264 2553 297 2615 in
321 2554 529 2637 suspicionem
555 2552 732 2616 vocandum
755 2561 811 2616 est.

225 2658 321 2735 Quod
360 2668 443 2745 recte
478 2661 627 2744 cognovit
661 2659 887 2739 Baehrensius‚
921 2683 991 2723 cum
1027 2682 1085 2744 pro
1123 2661 1289 2740 „tondebis

117 2767 240 2829 uirides
262 2767 420 2830 urnbrus“
450 2766 619 2830 coniiceret
646 2788 736 2847 „non
763 2769 859 2830 duces
881 2767 1003 2830 uirides
1026 2768 1183 2830 umbros“
1208 2766 1289 2832 Gor-

118 2873 253 2936 manice:
277 2873 397 2952 „Niebt
415 2875 510 2936 uirst
524 2875 570 2936 du
583 2881 690 2956 pritne
708 2852 862 2937 Sebatteu
878 2874 993 2938 rieden
1015 2874 1164 2958 (mersen)
1171 2881 1189 2911 “
1205 2873 1287 2937 sivo:

116 2979 229 3057 „niem
251 2979 347 3042 wirst
368 2981 414 3043 du
434 2987 541 3062 ¹eritne
558 2981 691 3054 Bte'ttter¹
707 2981 987 3063 lter·uorbrinpen“.
1020 2980 1130 3044 Verba
1154 2982 1288 3061 „ducere

117 3085 275 3149 umbrus“
304 3086 430 3150 minime
459 3087 573 3150 Latina
601 3096 682 3150 sunt.
728 3088 811 3149 Nam
841 3085 874 3148 id
904 3085 989 3170 quod
1012 3095 1120 3150 nostro
1144 3109 1287 3150 sermone

117 3191 311 3276 appellamus
350 3193 528 3274 „Sebutten
566 3195 711 3276 urersen“
749 3193 844 3257 latine
889 3194 1073 3278 exprimitur
1112 3194 1288 3274 „umbrone

117 3299 245 3381 sacerr‘
270 3299 321 3362 vel
343 3301 567 3381 „diffundere‘
591 3307 639 3362 ut:

224 3405 351 3468 Petron.
377 3409 453 3469 131:

268 3513 419 3592 „Nobilis
442 3514 582 3576 aestiuus
601 3516 762 3596 platanus
786 3515 965 3596 diffuderat
987 3516 1144 3578 urnbrus“

225 3617 323 3702 Verg.
348 3618 463 3703 Georg.
486 3619 535 3698 Π,
561 3623 615 3684 58:

269 3726 368 3805 ,darn
388 3748 471 3809 qrrue
493 3713 676 3790 seminibus
698 3729 796 3790 idetis
819 3749 851 3790 se
874 3729 1011 3791 sustulit
1034 3729 1142 3810 urbes,

273 3832 379 3895 Turdo
402 3834 492 3896 uenit
514 3835 595 3896 seris
618 3836 751 3918 foetura
774 3835 947 3918 nepotibus
970 3835 1152 3899 umbrone.·'·'

228 4065 244 4130 ¹)
265 4064 411 4116 Brevitatis
430 4081 513 4117 causa
530 4066 559 4117 in
578 4066 655 4119 codd.
672 4066 836 4120 denotandis
846 4083 953 4138 semper
962 4067 1120 4121 Baehrensii
1130 4069 1205 4140 siglis
1215 4075 1286 4123 utar.
