<?xml version="1.0" encoding="UTF-8"?>
<!DOCTYPE html PUBLIC "-//W3C//DTD XHTML 1.0 Transitional//EN"
    "http://www.w3.org/TR/xhtml1/DTD/xhtml1-transitional.dtd">
<html xmlns="http://www.w3.org/1999/xhtml" xml:lang="en" lang="en">
 <head>
  <title>
</title>
<meta http-equiv="Content-Type" content="text/html;charset=utf-8" />
  <meta name='ocr-system' content='tesseract 3.04.00' />
  <meta name='ocr-capabilities' content='ocr_page ocr_carea ocr_par ocr_line ocrx_word'/>
</head>
<body>
  <div class='ocr_page' id='page_1' title='image "./quaestionescrit00hellgoog_0039.png"; bbox 0 0 2982 4644; ppageno 0'>
   <div class='ocr_carea' id='block_1_1' title="bbox 686 263 848 359">
    <p class='ocr_par' dir='ltr' id='par_1_1' title="bbox 686 263 848 359">
     <span class='ocr_line' id='line_1_1' title="bbox 686 263 848 359; baseline -0.006 0"><span class='ocrx_word' id='word_1_1' title='bbox 686 355 692 359; x_wconf 83' lang='grc'>.</span> <span class='ocrx_word' id='word_1_2' title='bbox 772 263 848 359; x_wconf 72' lang='lat'><em>39.-</em></span> 
     </span>
    </p>
   </div>
   <div class='ocr_carea' id='block_1_2' title="bbox 207 455 1389 2141">
    <p class='ocr_par' dir='ltr' id='par_1_2' title="bbox 207 455 1389 2141">
     <span class='ocr_line' id='line_1_2' title="bbox 207 455 1385 541; baseline 0.003 -24"><span class='ocrx_word' id='word_1_3' title='bbox 207 455 345 540; x_wconf 77' lang='lat' dir='ltr'><em>positum</em></span> <span class='ocrx_word' id='word_1_4' title='bbox 376 463 423 519; x_wconf 82' lang='lat' dir='ltr'><em>est</em></span> <span class='ocrx_word' id='word_1_5' title='bbox 446 462 552 534; x_wconf 83' lang='lat' dir='ltr'><em>„terre</em></span> <span class='ocrx_word' id='word_1_6' title='bbox 574 456 786 540; x_wconf 67' lang='lat' dir='ltr'><strong><em>sequiturque</em></strong></span> <span class='ocrx_word' id='word_1_7' title='bbox 810 457 915 520; x_wconf 49' lang='lat' dir='ltr'><em>ureret</em></span> <span class='ocrx_word' id='word_1_8' title='bbox 939 478 996 541; x_wconf 90' lang='lat' dir='ltr'><em>pro</em></span> <span class='ocrx_word' id='word_1_9' title='bbox 1019 462 1126 535; x_wconf 85' lang='lat' dir='ltr'><em>„terre</em></span> <span class='ocrx_word' id='word_1_10' title='bbox 1149 457 1301 539; x_wconf 80' lang='lat' dir='ltr'><em>rreuriquc</em></span> <span class='ocrx_word' id='word_1_11' title='bbox 1325 479 1385 520; x_wconf 83' lang='lat' dir='ltr'><em>se-</em></span> 
     </span>
     <span class='ocr_line' id='line_1_3' title="bbox 207 562 351 645; baseline 0.021 -22"><span class='ocrx_word' id='word_1_12' title='bbox 207 562 351 645; x_wconf 73' lang='lat' dir='ltr'><em>quitur‘.</em></span> 
     </span>
     <span class='ocr_line' id='line_1_4' title="bbox 313 668 1389 756; baseline 0.001 -25"><span class='ocrx_word' id='word_1_13' title='bbox 313 668 490 732; x_wconf 88' lang='lat' dir='ltr'><em>Pronomen</em></span> <span class='ocrx_word' id='word_1_14' title='bbox 521 670 612 748; x_wconf 73' lang='lat' dir='ltr'><em>„uu‘</em></span> <span class='ocrx_word' id='word_1_15' title='bbox 641 669 736 752; x_wconf 83' lang='lat' dir='ltr'><em>igitur</em></span> <span class='ocrx_word' id='word_1_16' title='bbox 765 668 806 732; x_wconf 84' lang='lat' dir='ltr'><em>ad</em></span> <span class='ocrx_word' id='word_1_17' title='bbox 828 669 1010 736; x_wconf 79' lang='lat' dir='ltr'><em>Vulcanum</em></span> <span class='ocrx_word' id='word_1_18' title='bbox 1038 670 1142 756; x_wconf 83' lang='lat' dir='ltr'><em>ipsum</em></span> <span class='ocrx_word' id='word_1_19' title='bbox 1165 669 1317 755; x_wconf 77' lang='lat' dir='ltr'>pertinet,</span> <span class='ocrx_word' id='word_1_20' title='bbox 1349 679 1389 732; x_wconf 90' lang='lat' dir='ltr'><em>ut</em></span> 
     </span>
     <span class='ocr_line' id='line_1_5' title="bbox 207 775 1276 862; baseline 0.003 -25"><span class='ocrx_word' id='word_1_21' title='bbox 207 775 332 862; x_wconf 79' lang='lat' dir='ltr'><em>saepius</em></span> <span class='ocrx_word' id='word_1_22' title='bbox 357 776 589 840; x_wconf 87' lang='lat' dir='ltr'><em>substantivum</em></span> <span class='ocrx_word' id='word_1_23' title='bbox 612 775 804 862; x_wconf 79' lang='lat' dir='ltr'><em>praecedens</em></span> <span class='ocrx_word' id='word_1_24' title='bbox 827 776 888 841; x_wconf 86' lang='lat' dir='ltr'><em>hoe</em></span> <span class='ocrx_word' id='word_1_25' title='bbox 912 777 1095 862; x_wconf 87' lang='lat' dir='ltr'>pronomine</span> <span class='ocrx_word' id='word_1_26' title='bbox 1119 777 1276 861; x_wconf 75' lang='lat' dir='ltr'><strong>recipitur.</strong></span> 
     </span>
     <span class='ocr_line' id='line_1_6' title="bbox 313 881 752 968; baseline 0 -21"><span class='ocrx_word' id='word_1_27' title='bbox 313 881 381 947; x_wconf 76' lang='lat' dir='ltr'><em>cfr.</em></span> <span class='ocrx_word' id='word_1_28' title='bbox 404 883 547 968; x_wconf 89' lang='lat' dir='ltr'><em>Propert.</em></span> <span class='ocrx_word' id='word_1_29' title='bbox 570 883 597 962; x_wconf 85' lang='grc' dir='ltr'><em>Ι,</em></span> <span class='ocrx_word' id='word_1_30' title='bbox 622 886 673 962; x_wconf 86' lang='grc'><em>20,</em></span> <span class='ocrx_word' id='word_1_31' title='bbox 696 886 752 948; x_wconf 84' lang='grc'><em>49;</em></span> 
     </span>
     <span class='ocr_line' id='line_1_7' title="bbox 388 990 1271 1075; baseline 0.001 -22"><span class='ocrx_word' id='word_1_32' title='bbox 388 990 474 1069; x_wconf 74' lang='lat' dir='ltr'><em>„Cui</em></span> <span class='ocrx_word' id='word_1_33' title='bbox 491 992 610 1074; x_wconf 83' lang='lat' dir='ltr'><em>procul</em></span> <span class='ocrx_word' id='word_1_34' title='bbox 631 991 759 1054; x_wconf 81' lang='lat' dir='ltr'><em>Alcides</em></span> <span class='ocrx_word' id='word_1_35' title='bbox 782 992 881 1055; x_wconf 80' lang='lat' dir='ltr'><em>iteret</em></span> <span class='ocrx_word' id='word_1_36' title='bbox 902 997 1068 1075; x_wconf 62' lang='lat' dir='ltr'><em>ceperum:</em></span> <span class='ocrx_word' id='word_1_37' title='bbox 1093 996 1129 1054; x_wconf 88' lang='lat' dir='ltr'><em>at</em></span> <span class='ocrx_word' id='word_1_38' title='bbox 1149 991 1202 1054; x_wconf 75' lang='lat' dir='ltr'><em>tiu</em></span> <span class='ocrx_word' id='word_1_39' title='bbox 1269 990 1271 996; x_wconf 81' lang='grc'><strong>’</strong></span> 
     </span>
     <span class='ocr_line' id='line_1_8' title="bbox 443 1097 1241 1181; baseline 0 -21"><span class='ocrx_word' id='word_1_40' title='bbox 443 1097 571 1160; x_wconf 85' lang='lat' dir='ltr'><em>Nomeu</em></span> <span class='ocrx_word' id='word_1_41' title='bbox 595 1097 636 1160; x_wconf 83' lang='lat' dir='ltr'><em>ub</em></span> <span class='ocrx_word' id='word_1_42' title='bbox 659 1097 811 1160; x_wconf 80' lang='lat' dir='ltr'><em>eutrcrue&#39;s</em></span> <span class='ocrx_word' id='word_1_43' title='bbox 833 1098 983 1180; x_wconf 80' lang='lat' dir='ltr'><em>foetibus</em></span> <span class='ocrx_word' id='word_1_44' title='bbox 1006 1119 1092 1161; x_wconf 84' lang='lat' dir='ltr'><em>eure</em></span> <span class='ocrx_word' id='word_1_45' title='bbox 1113 1097 1241 1181; x_wconf 81' lang='lat' dir='ltr'><em>refert‘.</em></span> 
     </span>
     <span class='ocr_line' id='line_1_9' title="bbox 314 1202 750 1288; baseline 0.002 -21"><span class='ocrx_word' id='word_1_46' title='bbox 314 1202 410 1267; x_wconf 93' lang='lat' dir='ltr'><em>Ovid.</em></span> <span class='ocrx_word' id='word_1_47' title='bbox 435 1203 525 1288; x_wconf 81' lang='lat' dir='ltr'><em>epist</em></span> <span class='ocrx_word' id='word_1_48' title='bbox 548 1202 648 1282; x_wconf 87' lang='lat' dir='ltr'>XVI,</span> <span class='ocrx_word' id='word_1_49' title='bbox 672 1206 750 1268; x_wconf 83' lang='lat'>229:</span> 
     </span>
     <span class='ocr_line' id='line_1_10' title="bbox 328 1309 1235 1395; baseline 0 -22"><span class='ocrx_word' id='word_1_50' title='bbox 328 1309 452 1395; x_wconf 83' lang='lat' dir='ltr'><em>„Saepe</em></span> <span class='ocrx_word' id='word_1_51' title='bbox 475 1331 563 1374; x_wconf 84' lang='lat' dir='ltr'><em>mero</em></span> <span class='ocrx_word' id='word_1_52' title='bbox 586 1311 677 1374; x_wconf 81' lang='lat' dir='ltr'><em>cetui</em></span> <span class='ocrx_word' id='word_1_53' title='bbox 698 1311 873 1394; x_wconf 78' lang='lat' dir='ltr'><em>sturemare</em></span> <span class='ocrx_word' id='word_1_54' title='bbox 897 1332 1114 1395; x_wconf 74' lang='lat' dir='ltr'><em>compescere:</em></span> <span class='ocrx_word' id='word_1_55' title='bbox 1139 1316 1175 1374; x_wconf 85' lang='lat' dir='ltr'><em>et</em></span> <span class='ocrx_word' id='word_1_56' title='bbox 1195 1310 1235 1374; x_wconf 78' lang='lat' dir='ltr'><em>ru</em></span> 
     </span>
     <span class='ocr_line' id='line_1_11' title="bbox 386 1402 1149 1501; baseline 0.001 -22"><span class='ocrx_word' id='word_1_57' title='bbox 386 1417 494 1481; x_wconf 74' lang='lat' dir='ltr'><em>Oreeit</em></span> <span class='ocrx_word' id='word_1_58' title='bbox 515 1423 546 1482; x_wconf 89' lang='lat' dir='ltr'><em>et</em></span> <span class='ocrx_word' id='word_1_59' title='bbox 567 1418 703 1481; x_wconf 78' lang='lat' dir='ltr'><em>ebrietes</em></span> <span class='ocrx_word' id='word_1_60' title='bbox 726 1418 815 1501; x_wconf 78' lang='lat' dir='ltr'><em>ipuis</em></span> <span class='ocrx_word' id='word_1_61' title='bbox 837 1418 876 1480; x_wconf 82' lang='lat' dir='ltr'><em>iu</em></span> <span class='ocrx_word' id='word_1_62' title='bbox 899 1419 974 1500; x_wconf 83' lang='lat' dir='ltr'><em>ipue</em></span> <span class='ocrx_word' id='word_1_63' title='bbox 996 1417 1092 1500; x_wconf 84' lang='lat' dir='ltr'><em>fuit‘.</em></span> <span class='ocrx_word' id='word_1_64' title='bbox 1147 1402 1149 1408; x_wconf 39' lang='lat'><strong>¹</strong></span> 
     </span>
     <span class='ocr_line' id='line_1_12' title="bbox 314 1522 718 1603; baseline 0.002 -16"><span class='ocrx_word' id='word_1_65' title='bbox 314 1522 411 1587; x_wconf 84' lang='lat' dir='ltr'><em>Ovid.</em></span> <span class='ocrx_word' id='word_1_66' title='bbox 435 1523 565 1588; x_wconf 81' lang='lat' dir='ltr'><em>Metam.</em></span> <span class='ocrx_word' id='word_1_67' title='bbox 588 1523 615 1603; x_wconf 85' lang='grc' dir='ltr'><em>Ι,</em></span> <span class='ocrx_word' id='word_1_68' title='bbox 640 1527 718 1588; x_wconf 86' lang='grc'><strong>283;</strong></span> 
     </span>
     <span class='ocr_line' id='line_1_13' title="bbox 366 1631 1191 1716; baseline 0.001 -23"><span class='ocrx_word' id='word_1_69' title='bbox 366 1631 460 1715; x_wconf 83' lang='lat' dir='ltr'><em>„Ipse</em></span> <span class='ocrx_word' id='word_1_70' title='bbox 485 1631 621 1696; x_wconf 80' lang='lat' dir='ltr'><em>tridente</em></span> <span class='ocrx_word' id='word_1_71' title='bbox 643 1653 703 1695; x_wconf 88' lang='lat' dir='ltr'><em>sue</em></span> <span class='ocrx_word' id='word_1_72' title='bbox 728 1637 849 1696; x_wconf 81' lang='lat' dir='ltr'><em>terrem</em></span> <span class='ocrx_word' id='word_1_73' title='bbox 868 1631 1051 1716; x_wconf 74' lang='lat' dir='ltr'><em>percussit:</em></span> <span class='ocrx_word' id='word_1_74' title='bbox 1076 1637 1111 1694; x_wconf 86' lang='lat' dir='ltr'><em>et</em></span> <span class='ocrx_word' id='word_1_75' title='bbox 1133 1631 1191 1694; x_wconf 84' lang='lat' dir='ltr'><em>uu</em></span> 
     </span>
     <span class='ocr_line' id='line_1_14' title="bbox 367 1738 1213 1822; baseline -0.001 -21"><span class='ocrx_word' id='word_1_76' title='bbox 367 1738 549 1802; x_wconf 71' lang='lat' dir='ltr'><em>Intrerreuit</em></span> <span class='ocrx_word' id='word_1_77' title='bbox 569 1743 725 1822; x_wconf 81' lang='lat' dir='ltr'><em>metuque</em></span> <span class='ocrx_word' id='word_1_78' title='bbox 748 1739 820 1802; x_wconf 85' lang='lat' dir='ltr'><em>eius</em></span> <span class='ocrx_word' id='word_1_79' title='bbox 839 1738 996 1822; x_wconf 71' lang='lat' dir='ltr'><em>patefecit</em></span> <span class='ocrx_word' id='word_1_80' title='bbox 1020 1744 1213 1822; x_wconf 82' lang='lat' dir='ltr'><em>equaruru“.</em></span> 
     </span>
     <span class='ocr_line' id='line_1_15' title="bbox 313 1843 715 1924; baseline 0.007 -18"><span class='ocrx_word' id='word_1_81' title='bbox 313 1843 424 1906; x_wconf 85' lang='lat' dir='ltr'><em>Eiusd.</em></span> <span class='ocrx_word' id='word_1_82' title='bbox 447 1866 539 1907; x_wconf 87' lang='lat' dir='ltr'><em>carm.</em></span> <span class='ocrx_word' id='word_1_83' title='bbox 562 1843 614 1924; x_wconf 88' lang='lat' dir='ltr'><em>X,</em></span> <span class='ocrx_word' id='word_1_84' title='bbox 636 1847 715 1909; x_wconf 76' lang='lat'>457:</span> 
     </span>
     <span class='ocr_line' id='line_1_16' title="bbox 328 1950 1261 2036; baseline -0.001 -22"><span class='ocrx_word' id='word_1_85' title='bbox 328 1951 485 2033; x_wconf 80' lang='lat' dir='ltr'><em>„Iamque</em></span> <span class='ocrx_word' id='word_1_86' title='bbox 508 1951 594 2033; x_wconf 83' lang='lat' dir='ltr'><em>feres</em></span> <span class='ocrx_word' id='word_1_87' title='bbox 618 1953 732 2036; x_wconf 84' lang='lat' dir='ltr'><em>aperit,</em></span> <span class='ocrx_word' id='word_1_88' title='bbox 756 1953 826 2014; x_wconf 80' lang='lat' dir='ltr'><em>iere</em></span> <span class='ocrx_word' id='word_1_89' title='bbox 849 1952 982 2014; x_wconf 77' lang='lat' dir='ltr'><em>ducitur</em></span> <span class='ocrx_word' id='word_1_90' title='bbox 1004 1952 1118 2014; x_wconf 79' lang='lat' dir='ltr'><em>irtus:</em></span> <span class='ocrx_word' id='word_1_91' title='bbox 1143 1951 1186 2014; x_wconf 87' lang='lat' dir='ltr'><em>ed</em></span> <span class='ocrx_word' id='word_1_92' title='bbox 1208 1950 1261 2013; x_wconf 79' lang='lat' dir='ltr'><em>ur·</em></span> 
     </span>
     <span class='ocr_line' id='line_1_17' title="bbox 328 2058 1013 2141; baseline 0.001 -21"><span class='ocrx_word' id='word_1_93' title='bbox 328 2058 456 2140; x_wconf 85' lang='lat' dir='ltr'><em>Popte&#39;te</em></span> <span class='ocrx_word' id='word_1_94' title='bbox 478 2059 635 2121; x_wconf 81' lang='lat' dir='ltr'><em>succiduo</em></span> <span class='ocrx_word' id='word_1_95' title='bbox 655 2079 765 2141; x_wconf 72' lang='lat' dir='ltr'><em>pertua</em></span> <span class='ocrx_word' id='word_1_96' title='bbox 787 2058 1013 2121; x_wconf 74' lang='lat' dir='ltr'><em>intremuere‘.</em></span> 
     </span>
    </p>
   </div>
   <div class='ocr_carea' id='block_1_3' title="bbox 686 2236 903 2332">
    <p class='ocr_par' dir='ltr' id='par_1_3' title="bbox 686 2236 903 2332">
     <span class='ocr_line' id='line_1_18' title="bbox 686 2236 903 2332; baseline 0 -34"><span class='ocrx_word' id='word_1_97' title='bbox 686 2257 738 2299; x_wconf 78' lang='lat' dir='ltr'><em>vv.</em></span> <span class='ocrx_word' id='word_1_98' title='bbox 764 2236 903 2332; x_wconf 80' lang='lat' dir='ltr'><strong>rc-rr.</strong></span> 
     </span>
    </p>
   </div>
   <div class='ocr_carea' id='block_1_4' title="bbox 207 2360 1490 3956">
    <p class='ocr_par' dir='ltr' id='par_1_4' title="bbox 411 2360 1180 2550">
     <span class='ocr_line' id='line_1_19' title="bbox 411 2360 1180 2444; baseline -0.003 -20"><span class='ocrx_word' id='word_1_99' title='bbox 411 2361 556 2444; x_wconf 79' lang='lat' dir='ltr'><em>„tufetiu</em></span> <span class='ocrx_word' id='word_1_100' title='bbox 580 2381 644 2444; x_wconf 79' lang='lat' dir='ltr'><em>epe,</em></span> <span class='ocrx_word' id='word_1_101' title='bbox 666 2360 809 2424; x_wconf 72' lang='lat' dir='ltr'><em>uertitur</em></span> <span class='ocrx_word' id='word_1_102' title='bbox 833 2361 892 2443; x_wconf 80' lang='lat' dir='ltr'><em>qui</em></span> <span class='ocrx_word' id='word_1_103' title='bbox 916 2365 1056 2444; x_wconf 79' lang='lat' dir='ltr'><em>tempere</em></span> <span class='ocrx_word' id='word_1_104' title='bbox 1079 2365 1180 2423; x_wconf 86' lang='lat' dir='ltr'><em>uetus</em></span> 
     </span>
     <span class='ocr_line' id='line_1_20' title="bbox 417 2467 888 2550; baseline 0 -20"><span class='ocrx_word' id='word_1_105' title='bbox 417 2467 487 2542; x_wconf 73' lang='lat' dir='ltr'><em>Quo</em></span> <span class='ocrx_word' id='word_1_106' title='bbox 511 2467 622 2550; x_wconf 72' lang='lat' dir='ltr'><em>fecitis</em></span> <span class='ocrx_word' id='word_1_107' title='bbox 644 2471 769 2530; x_wconf 83' lang='lat' dir='ltr'><em>ueture</em></span> <span class='ocrx_word' id='word_1_108' title='bbox 791 2467 888 2549; x_wconf 69' lang='lat' dir='ltr'><em>fuit‘.</em></span> 
     </span>
    </p>

    <p class='ocr_par' dir='ltr' id='par_1_5' title="bbox 207 2589 1490 3637">
     <span class='ocr_line' id='line_1_21' title="bbox 314 2589 1384 2677; baseline 0 -23"><span class='ocrx_word' id='word_1_109' title='bbox 314 2591 514 2677; x_wconf 73' lang='lat' dir='ltr'><em>Quemquam</em></span> <span class='ocrx_word' id='word_1_110' title='bbox 533 2592 566 2653; x_wconf 93' lang='lat' dir='ltr'><em>in</em></span> <span class='ocrx_word' id='word_1_111' title='bbox 582 2612 674 2654; x_wconf 87' lang='lat' dir='ltr'><em>versu</em></span> <span class='ocrx_word' id='word_1_112' title='bbox 694 2592 732 2652; x_wconf 79' lang='grc'><em>77</em></span> <span class='ocrx_word' id='word_1_113' title='bbox 751 2592 856 2653; x_wconf 85' lang='lat' dir='ltr'><em>omnia</em></span> <span class='ocrx_word' id='word_1_114' title='bbox 872 2589 1019 2675; x_wconf 82' lang='lat' dir='ltr'><em>expedite</em></span> <span class='ocrx_word' id='word_1_115' title='bbox 1035 2598 1117 2669; x_wconf 86' lang='lat' dir='ltr'><em>sunt,</em></span> <span class='ocrx_word' id='word_1_116' title='bbox 1135 2612 1237 2673; x_wconf 87' lang='lat' dir='ltr'><em>neque</em></span> <span class='ocrx_word' id='word_1_117' title='bbox 1253 2589 1384 2654; x_wconf 88' lang='lat' dir='ltr'><em>codices</em></span> 
     </span>
     <span class='ocr_line' id='line_1_22' title="bbox 208 2695 1383 2783; baseline 0.001 -24"><span class='ocrx_word' id='word_1_118' title='bbox 208 2697 377 2783; x_wconf 84' lang='lat' dir='ltr'><em>quidquam</em></span> <span class='ocrx_word' id='word_1_119' title='bbox 415 2700 576 2762; x_wconf 84' lang='lat' dir='ltr'><em>varietatis</em></span> <span class='ocrx_word' id='word_1_120' title='bbox 611 2696 759 2776; x_wconf 86' lang='lat' dir='ltr'><em>afferunt,</em></span> <span class='ocrx_word' id='word_1_121' title='bbox 793 2706 897 2762; x_wconf 86' lang='lat' dir='ltr'><em>tamen</em></span> <span class='ocrx_word' id='word_1_122' title='bbox 937 2695 1021 2782; x_wconf 79' lang='lat' dir='ltr'><em>apud</em></span> <span class='ocrx_word' id='word_1_123' title='bbox 1055 2696 1281 2760; x_wconf 83' lang='lat' dir='ltr'><em>Baehrensium</em></span> <span class='ocrx_word' id='word_1_124' title='bbox 1321 2720 1383 2782; x_wconf 84' lang='lat' dir='ltr'><em>pre</em></span> 
     </span>
     <span class='ocr_line' id='line_1_23' title="bbox 207 2801 1384 2888; baseline -0.002 -20"><span class='ocrx_word' id='word_1_125' title='bbox 207 2805 356 2886; x_wconf 76' lang='lat' dir='ltr'><em>‚,f&#39;ercitis“</em></span> <span class='ocrx_word' id='word_1_126' title='bbox 382 2804 498 2888; x_wconf 84' lang='lat' dir='ltr'><em>legitur</em></span> <span class='ocrx_word' id='word_1_127' title='bbox 522 2805 648 2887; x_wconf 77' lang='lat' dir='ltr'><em>„fete&#39;u“.</em></span> <span class='ocrx_word' id='word_1_128' title='bbox 697 2803 763 2868; x_wconf 86' lang='lat' dir='ltr'><em>Cur</em></span> <span class='ocrx_word' id='word_1_129' title='bbox 787 2804 836 2867; x_wconf 88' lang='lat' dir='ltr'><em>vir</em></span> <span class='ocrx_word' id='word_1_130' title='bbox 858 2802 971 2867; x_wconf 86' lang='lat' dir='ltr'><em>doctus</em></span> <span class='ocrx_word' id='word_1_131' title='bbox 995 2801 1035 2866; x_wconf 84' lang='lat' dir='ltr'><em>de</em></span> <span class='ocrx_word' id='word_1_132' title='bbox 1059 2802 1202 2867; x_wconf 87' lang='lat' dir='ltr'><em>codicum</em></span> <span class='ocrx_word' id='word_1_133' title='bbox 1224 2804 1384 2888; x_wconf 82' lang='lat' dir='ltr'><em>scriptura</em></span> 
     </span>
     <span class='ocr_line' id='line_1_24' title="bbox 208 2907 1381 2996; baseline -0.002 -22"><span class='ocrx_word' id='word_1_134' title='bbox 208 2915 262 2990; x_wconf 85' lang='lat' dir='ltr'><em>(sc.</em></span> <span class='ocrx_word' id='word_1_135' title='bbox 284 2911 442 2994; x_wconf 74' lang='lat' dir='ltr'><em>‚,feutis“)</em></span> <span class='ocrx_word' id='word_1_136' title='bbox 467 2914 497 2973; x_wconf 93' lang='lat' dir='ltr'><em>in</em></span> <span class='ocrx_word' id='word_1_137' title='bbox 522 2919 674 2996; x_wconf 82' lang='lat' dir='ltr'><em>apparatu</em></span> <span class='ocrx_word' id='word_1_138' title='bbox 697 2911 805 2974; x_wconf 87' lang='lat' dir='ltr'><em>critico</em></span> <span class='ocrx_word' id='word_1_139' title='bbox 825 2910 916 2996; x_wconf 86' lang='lat' dir='ltr'><em>plane</em></span> <span class='ocrx_word' id='word_1_140' title='bbox 935 2919 1038 2973; x_wconf 86' lang='lat' dir='ltr'><em>taceat</em></span> <span class='ocrx_word' id='word_1_141' title='bbox 1053 2910 1113 2973; x_wconf 90' lang='lat' dir='ltr'><em>hoc</em></span> <span class='ocrx_word' id='word_1_142' title='bbox 1128 2909 1208 2988; x_wconf 89' lang='lat' dir='ltr'><em>loco,</em></span> <span class='ocrx_word' id='word_1_143' title='bbox 1232 2907 1381 2994; x_wconf 86' lang='lat' dir='ltr'><em>equidem</em></span> 
     </span>
     <span class='ocr_line' id='line_1_25' title="bbox 208 3015 1380 3101; baseline -0.001 -22"><span class='ocrx_word' id='word_1_144' title='bbox 208 3019 323 3080; x_wconf 77' lang='lat' dir='ltr'><em>nescis.</em></span> <span class='ocrx_word' id='word_1_145' title='bbox 370 3016 445 3081; x_wconf 90' lang='lat' dir='ltr'><em>Sine</em></span> <span class='ocrx_word' id='word_1_146' title='bbox 469 3016 565 3081; x_wconf 89' lang='lat' dir='ltr'><em>dubio</em></span> <span class='ocrx_word' id='word_1_147' title='bbox 581 3017 793 3081; x_wconf 84' lang='lat' dir='ltr'><em>Baehrensius</em></span> <span class='ocrx_word' id='word_1_148' title='bbox 812 3017 889 3101; x_wconf 81' lang='lat' dir='ltr'><em>legit</em></span> <span class='ocrx_word' id='word_1_149' title='bbox 910 3017 1037 3099; x_wconf 79' lang='lat' dir='ltr'><em>‚,fetiu“‚</em></span> <span class='ocrx_word' id='word_1_150' title='bbox 1061 3024 1096 3079; x_wconf 91' lang='lat' dir='ltr'><em>ut</em></span> <span class='ocrx_word' id='word_1_151' title='bbox 1115 3015 1174 3078; x_wconf 87' lang='lat' dir='ltr'><em>hoc</em></span> <span class='ocrx_word' id='word_1_152' title='bbox 1190 3015 1380 3079; x_wconf 82' lang='lat' dir='ltr'><em>vocabulum</em></span> 
     </span>
     <span class='ocr_line' id='line_1_26' title="bbox 208 3120 1382 3207; baseline -0.001 -21"><span class='ocrx_word' id='word_1_153' title='bbox 208 3123 278 3186; x_wconf 84' lang='lat' dir='ltr'><em>voci</em></span> <span class='ocrx_word' id='word_1_154' title='bbox 303 3124 458 3207; x_wconf 77' lang='lat' dir='ltr'><em>‚,iufete&#39;u“</em></span> <span class='ocrx_word' id='word_1_155' title='bbox 481 3146 592 3188; x_wconf 83' lang='lat' dir='ltr'><em>versus</em></span> <span class='ocrx_word' id='word_1_156' title='bbox 618 3126 657 3187; x_wconf 84' lang='grc'><em>76</em></span> <span class='ocrx_word' id='word_1_157' title='bbox 687 3125 876 3188; x_wconf 87' lang='lat' dir='ltr'><em>contrarium</em></span> <span class='ocrx_word' id='word_1_158' title='bbox 904 3132 997 3187; x_wconf 86' lang='lat' dir='ltr'><em>esset.</em></span> <span class='ocrx_word' id='word_1_159' title='bbox 1043 3121 1107 3187; x_wconf 85' lang='lat' dir='ltr'><em>Sed</em></span> <span class='ocrx_word' id='word_1_160' title='bbox 1135 3123 1197 3186; x_wconf 84' lang='lat' dir='ltr'><em>tale</em></span> <span class='ocrx_word' id='word_1_161' title='bbox 1227 3120 1303 3206; x_wconf 93' lang='lat' dir='ltr'><em>quid</em></span> <span class='ocrx_word' id='word_1_162' title='bbox 1326 3143 1382 3186; x_wconf 84' lang='lat'><em>00-</em></span> 
     </span>
     <span class='ocr_line' id='line_1_27' title="bbox 207 3228 1381 3314; baseline -0.001 -21"><span class='ocrx_word' id='word_1_163' title='bbox 207 3231 320 3314; x_wconf 80' lang='lat' dir='ltr'><em>gitare,</em></span> <span class='ocrx_word' id='word_1_164' title='bbox 353 3253 423 3293; x_wconf 86' lang='lat' dir='ltr'><em>cum</em></span> <span class='ocrx_word' id='word_1_165' title='bbox 446 3229 572 3295; x_wconf 81' lang='lat' dir='ltr'><em>codices</em></span> <span class='ocrx_word' id='word_1_166' title='bbox 596 3231 680 3294; x_wconf 84' lang='lat' dir='ltr'><em>aliud</em></span> <span class='ocrx_word' id='word_1_167' title='bbox 704 3230 886 3310; x_wconf 82' lang='lat' dir='ltr'><em>exhibeant,</em></span> <span class='ocrx_word' id='word_1_168' title='bbox 918 3228 1003 3314; x_wconf 90' lang='lat' dir='ltr'><em>quod</em></span> <span class='ocrx_word' id='word_1_169' title='bbox 1031 3229 1108 3294; x_wconf 84' lang='lat' dir='ltr'><em>setis</em></span> <span class='ocrx_word' id='word_1_170' title='bbox 1136 3238 1185 3293; x_wconf 86' lang='lat' dir='ltr'><em>est</em></span> <span class='ocrx_word' id='word_1_171' title='bbox 1207 3228 1381 3314; x_wconf 86' lang='lat' dir='ltr'><strong>probabile,</strong></span> 
     </span>
     <span class='ocr_line' id='line_1_28' title="bbox 208 3334 1381 3421; baseline -0.002 -21"><span class='ocrx_word' id='word_1_172' title='bbox 208 3337 309 3400; x_wconf 86' lang='lat' dir='ltr'><em>critici</em></span> <span class='ocrx_word' id='word_1_173' title='bbox 339 3346 422 3401; x_wconf 82' lang='lat' dir='ltr'><em>certe</em></span> <span class='ocrx_word' id='word_1_174' title='bbox 453 3360 514 3401; x_wconf 89' lang='lat' dir='ltr'><em>non</em></span> <span class='ocrx_word' id='word_1_175' title='bbox 544 3347 601 3402; x_wconf 82' lang='lat' dir='ltr'><em>est.</em></span> <span class='ocrx_word' id='word_1_176' title='bbox 646 3338 767 3405; x_wconf 84' lang='lat' dir='ltr'><em>Verbis</em></span> <span class='ocrx_word' id='word_1_177' title='bbox 794 3337 923 3420; x_wconf 66' lang='lat' dir='ltr'><em>‚fucitis</em></span> <span class='ocrx_word' id='word_1_178' title='bbox 946 3341 1090 3401; x_wconf 83' lang='lat' dir='ltr'><em>ueture“</em></span> <span class='ocrx_word' id='word_1_179' title='bbox 1113 3345 1207 3421; x_wconf 89' lang='lat' dir='ltr'><em>poeta</em></span> <span class='ocrx_word' id='word_1_180' title='bbox 1230 3358 1290 3399; x_wconf 87' lang='lat' dir='ltr'><em>non</em></span> <span class='ocrx_word' id='word_1_181' title='bbox 1314 3334 1381 3398; x_wconf 89' lang='lat' dir='ltr'><strong>for·</strong></span> 
     </span>
     <span class='ocr_line' id='line_1_29' title="bbox 207 3439 1490 3556; baseline -0.002 -50"><span class='ocrx_word' id='word_1_182' title='bbox 207 3445 303 3523; x_wconf 83' lang='lat' dir='ltr'><em>tuito,</em></span> <span class='ocrx_word' id='word_1_183' title='bbox 327 3443 382 3508; x_wconf 87' lang='lat' dir='ltr'><em>sed</em></span> <span class='ocrx_word' id='word_1_184' title='bbox 406 3444 549 3509; x_wconf 85' lang='lat' dir='ltr'><em>consulto</em></span> <span class='ocrx_word' id='word_1_185' title='bbox 572 3467 664 3508; x_wconf 87' lang='lat' dir='ltr'><em>usum</em></span> <span class='ocrx_word' id='word_1_186' title='bbox 688 3467 757 3508; x_wconf 83' lang='lat' dir='ltr'><em>esse</em></span> <span class='ocrx_word' id='word_1_187' title='bbox 781 3466 965 3529; x_wconf 85' lang='lat' dir='ltr'><em>persuasum</em></span> <span class='ocrx_word' id='word_1_188' title='bbox 987 3442 1102 3523; x_wconf 85' lang='lat' dir='ltr'><em>habe0‚</em></span> <span class='ocrx_word' id='word_1_189' title='bbox 1129 3465 1199 3505; x_wconf 88' lang='lat' dir='ltr'><em>eum</em></span> <span class='ocrx_word' id='word_1_190' title='bbox 1223 3443 1290 3507; x_wconf 86' lang='lat' dir='ltr'><em>eius</em></span> <span class='ocrx_word' id='word_1_191' title='bbox 1313 3439 1381 3521; x_wconf 76' lang='lat' dir='ltr'><em>dis·</em></span> <span class='ocrx_word' id='word_1_192' title='bbox 1489 3487 1490 3556; x_wconf 36' lang='lat' dir='ltr'><em>p</em></span> 
     </span>
     <span class='ocr_line' id='line_1_30' title="bbox 208 3551 1111 3637; baseline 0 -24"><span class='ocrx_word' id='word_1_193' title='bbox 208 3551 380 3635; x_wconf 80' lang='lat' dir='ltr'><em>putationis</em></span> <span class='ocrx_word' id='word_1_194' title='bbox 403 3553 497 3615; x_wconf 91' lang='lat' dir='ltr'><em>finem</em></span> <span class='ocrx_word' id='word_1_195' title='bbox 519 3551 627 3631; x_wconf 82' lang='lat' dir='ltr'><em>faciat,</em></span> <span class='ocrx_word' id='word_1_196' title='bbox 651 3574 729 3635; x_wconf 86' lang='lat' dir='ltr'><em>quae</em></span> <span class='ocrx_word' id='word_1_197' title='bbox 754 3551 873 3637; x_wconf 87' lang='lat' dir='ltr'><em>incepit</em></span> <span class='ocrx_word' id='word_1_198' title='bbox 895 3573 914 3614; x_wconf 79' lang='lat' dir='ltr'><strong>a</strong></span> <span class='ocrx_word' id='word_1_199' title='bbox 936 3573 1031 3615; x_wconf 85' lang='lat' dir='ltr'><em>versu</em></span> <span class='ocrx_word' id='word_1_200' title='bbox 1055 3553 1111 3614; x_wconf 77' lang='lat'><em>37:</em></span> 
     </span>
    </p>

    <p class='ocr_par' dir='ltr' id='par_1_6' title="bbox 390 3657 1182 3742">
     <span class='ocr_line' id='line_1_31' title="bbox 390 3657 1182 3742; baseline -0.001 -21"><span class='ocrx_word' id='word_1_201' title='bbox 390 3659 480 3737; x_wconf 83' lang='lat' dir='ltr'><em>„Cur</em></span> <span class='ocrx_word' id='word_1_202' title='bbox 502 3679 571 3722; x_wconf 85' lang='lat' dir='ltr'><em>uou</em></span> <span class='ocrx_word' id='word_1_203' title='bbox 594 3665 625 3722; x_wconf 89' lang='lat' dir='ltr'><em>et</em></span> <span class='ocrx_word' id='word_1_204' title='bbox 645 3660 740 3722; x_wconf 43' lang='lat' dir='ltr'><em>‘uehis</em></span> <span class='ocrx_word' id='word_1_205' title='bbox 763 3659 874 3742; x_wconf 78' lang='lat' dir='ltr'><em>fecitis</em></span> <span class='ocrx_word' id='word_1_206' title='bbox 897 3663 1022 3722; x_wconf 86' lang='lat' dir='ltr'><em>ueturu</em></span> <span class='ocrx_word' id='word_1_207' title='bbox 1044 3657 1182 3741; x_wconf 79' lang='lat' dir='ltr'><em>fuisti‘t“</em></span> 
     </span>
    </p>

    <p class='ocr_par' dir='ltr' id='par_1_7' title="bbox 315 3762 1490 3866">
     <span class='ocr_line' id='line_1_32' title="bbox 315 3762 1490 3866; baseline -0.001 -39"><span class='ocrx_word' id='word_1_208' title='bbox 315 3764 449 3828; x_wconf 84' lang='lat' dir='ltr'><em>Accedit</em></span> <span class='ocrx_word' id='word_1_209' title='bbox 471 3765 555 3850; x_wconf 91' lang='lat' dir='ltr'><em>quod</em></span> <span class='ocrx_word' id='word_1_210' title='bbox 580 3775 675 3850; x_wconf 86' lang='lat' dir='ltr'><em>poeta</em></span> <span class='ocrx_word' id='word_1_211' title='bbox 697 3765 789 3828; x_wconf 86' lang='lat' dir='ltr'><em>huius</em></span> <span class='ocrx_word' id='word_1_212' title='bbox 813 3764 958 3828; x_wconf 81' lang='lat' dir='ltr'><em>carminis</em></span> <span class='ocrx_word' id='word_1_213' title='bbox 982 3786 1054 3828; x_wconf 80' lang='lat' dir='ltr'><em>suas</em></span> <span class='ocrx_word' id='word_1_214' title='bbox 1080 3765 1179 3849; x_wconf 83' lang='lat' dir='ltr'><em>ipsius</em></span> <span class='ocrx_word' id='word_1_215' title='bbox 1202 3762 1380 3850; x_wconf 68' lang='lat' dir='ltr'><em>locutiones</em></span> <span class='ocrx_word' id='word_1_216' title='bbox 1489 3785 1490 3866; x_wconf 54' lang='lat' dir='ltr'><em>p</em></span> 
     </span>
    </p>

    <p class='ocr_par' dir='ltr' id='par_1_8' title="bbox 208 3867 1381 3956">
     <span class='ocr_line' id='line_1_33' title="bbox 208 3867 1381 3956; baseline -0.003 -21"><span class='ocrx_word' id='word_1_217' title='bbox 208 3870 292 3935; x_wconf 85' lang='lat' dir='ltr'><em>haud</em></span> <span class='ocrx_word' id='word_1_218' title='bbox 321 3893 390 3934; x_wconf 83' lang='lat' dir='ltr'><strong>raro</strong></span> <span class='ocrx_word' id='word_1_219' title='bbox 419 3871 552 3935; x_wconf 87' lang='lat' dir='ltr'><em>diversis</em></span> <span class='ocrx_word' id='word_1_220' title='bbox 580 3872 658 3935; x_wconf 85' lang='lat' dir='ltr'><em>locis</em></span> <span class='ocrx_word' id='word_1_221' title='bbox 686 3873 809 3956; x_wconf 86' lang='lat' dir='ltr'><em>repetit.</em></span> <span class='ocrx_word' id='word_1_222' title='bbox 862 3870 929 3936; x_wconf 76' lang='lat' dir='ltr'><em>Otr.</em></span> <span class='ocrx_word' id='word_1_223' title='bbox 953 3871 1109 3935; x_wconf 83' lang='lat' dir='ltr'><em>Naekinm</em></span> <span class='ocrx_word' id='word_1_224' title='bbox 1134 3869 1173 3934; x_wconf 88' lang='lat' dir='ltr'><em>de</em></span> <span class='ocrx_word' id='word_1_225' title='bbox 1197 3868 1285 3954; x_wconf 82' lang='lat' dir='ltr'><em>poesi</em></span> <span class='ocrx_word' id='word_1_226' title='bbox 1309 3867 1381 3934; x_wconf 83' lang='lat' dir='ltr'><em>Cat.</em></span> 
     </span>
    </p>
   </div>
   <div class='ocr_carea' id='block_1_5' title="bbox 209 3982 376 4064">
    <p class='ocr_par' dir='ltr' id='par_1_9' title="bbox 209 3982 376 4064">
     <span class='ocr_line' id='line_1_34' title="bbox 209 3982 376 4064; baseline 0.006 -23"><span class='ocrx_word' id='word_1_227' title='bbox 209 4001 278 4064; x_wconf 73' lang='lat' dir='ltr'><em>pag.</em></span> <span class='ocrx_word' id='word_1_228' title='bbox 303 3982 376 4042; x_wconf 74' lang='lat'><strong>278.</strong></span> 
     </span>
    </p>
   </div>
   <div class='ocr_carea' id='block_1_6' title="bbox 634 4134 943 4174">
    <p class='ocr_par' dir='ltr' id='par_1_10' title="bbox 634 4134 943 4174">
     <span class='ocr_line' id='line_1_35' title="bbox 634 4134 943 4174; baseline 0 -16"><span class='ocrx_word' id='word_1_229' title='bbox 634 4134 943 4174; x_wconf 33' lang='grc' dir='ltr'><em>..ἥρμ-</em></span> 
     </span>
    </p>
   </div>
   <div class='ocr_carea' id='block_1_7' title="bbox 0 0 1496 4644">
    <p class='ocr_par' dir='ltr' id='par_1_11' title="bbox 0 0 1496 4644">
     <span class='ocr_line' id='line_1_36' title="bbox 0 0 1496 4644; baseline 0 0"><span class='ocrx_word' id='word_1_230' title='bbox 0 0 1496 4644; x_wconf 95' lang='lat' dir='ltr'><em> </em></span> 
     </span>
    </p>
   </div>
  </div>
 </body>
</html>
