<?xml version="1.0" encoding="UTF-8"?>
<!DOCTYPE html PUBLIC "-//W3C//DTD XHTML 1.0 Transitional//EN"
    "http://www.w3.org/TR/xhtml1/DTD/xhtml1-transitional.dtd">
<html xmlns="http://www.w3.org/1999/xhtml" xml:lang="en" lang="en">
 <head>
  <title>
</title>
<meta http-equiv="Content-Type" content="text/html;charset=utf-8" />
  <meta name='ocr-system' content='tesseract 3.04.00' />
  <meta name='ocr-capabilities' content='ocr_page ocr_carea ocr_par ocr_line ocrx_word'/>
</head>
<body>
  <div class='ocr_page' id='page_1' title='image "./quaestionescrit00hellgoog_0022.png"; bbox 0 0 3010 4644; ppageno 0'>
   <div class='ocr_carea' id='block_1_1' title="bbox 63 427 1325 1368">
    <p class='ocr_par' dir='ltr' id='par_1_1' title="bbox 146 427 1324 622">
     <span class='ocr_line' id='line_1_1' title="bbox 146 427 1324 512; baseline -0.004 -17"><span class='ocrx_word' id='word_1_1' title='bbox 146 430 270 495; x_wconf 88' lang='lat' dir='ltr'>iudicio</span> <span class='ocrx_word' id='word_1_2' title='bbox 297 431 399 496; x_wconf 92' lang='lat' dir='ltr'>locum</span> <span class='ocrx_word' id='word_1_3' title='bbox 429 430 514 494; x_wconf 88' lang='lat' dir='ltr'>facili</span> <span class='ocrx_word' id='word_1_4' title='bbox 543 431 716 493; x_wconf 83' lang='lat' dir='ltr'><strong>mutatione</strong></span> <span class='ocrx_word' id='word_1_5' title='bbox 745 451 854 494; x_wconf 86' lang='lat' dir='ltr'>sanare</span> <span class='ocrx_word' id='word_1_6' title='bbox 882 429 994 494; x_wconf 88' lang='lat' dir='ltr'>melius</span> <span class='ocrx_word' id='word_1_7' title='bbox 1023 438 1072 492; x_wconf 89' lang='lat' dir='ltr'>est</span> <span class='ocrx_word' id='word_1_8' title='bbox 1098 450 1191 512; x_wconf 86' lang='lat' dir='ltr'>quam</span> <span class='ocrx_word' id='word_1_9' title='bbox 1213 427 1324 492; x_wconf 85' lang='lat' dir='ltr'>lacuna</span> 
     </span>
     <span class='ocr_line' id='line_1_2' title="bbox 147 535 807 622; baseline -0.003 -20"><span class='ocrx_word' id='word_1_10' title='bbox 147 546 276 616; x_wconf 86' lang='lat' dir='ltr'>statuta.</span> <span class='ocrx_word' id='word_1_11' title='bbox 323 537 435 622; x_wconf 87' lang='lat' dir='ltr'>Itaque</span> <span class='ocrx_word' id='word_1_12' title='bbox 459 535 627 621; x_wconf 82' lang='lat' dir='ltr'>legendum</span> <span class='ocrx_word' id='word_1_13' title='bbox 650 557 807 622; x_wconf 85' lang='lat' dir='ltr'>propono:</span> 
     </span>
    </p>

    <p class='ocr_par' dir='ltr' id='par_1_2' title="bbox 63 641 1325 1368">
     <span class='ocr_line' id='line_1_3' title="bbox 63 641 1176 728; baseline -0.002 -20"><span class='ocrx_word' id='word_1_14' title='bbox 63 641 69 647; x_wconf 80' lang='grc'><strong>’</strong></span> <span class='ocrx_word' id='word_1_15' title='bbox 301 645 401 726; x_wconf 82' lang='lat' dir='ltr'>„Noc</span> <span class='ocrx_word' id='word_1_16' title='bbox 423 645 546 708; x_wconf 76' lang='lat' dir='ltr'>iterum</span> <span class='ocrx_word' id='word_1_17' title='bbox 569 645 665 725; x_wconf 80' lang='lat' dir='ltr'>dicet,</span> <span class='ocrx_word' id='word_1_18' title='bbox 690 644 798 708; x_wconf 81' lang='lat' dir='ltr'>crebro</span> <span class='ocrx_word' id='word_1_19' title='bbox 822 665 905 728; x_wconf 77' lang='lat' dir='ltr'>quoe</span> <span class='ocrx_word' id='word_1_20' title='bbox 928 643 1039 727; x_wconf 79' lang='lat' dir='ltr'>Isydiu</span> <span class='ocrx_word' id='word_1_21' title='bbox 1062 644 1176 707; x_wconf 54' lang='lat' dir='ltr'>distr&lt;</span> 
     </span>
     <span class='ocr_line' id='line_1_4' title="bbox 149 750 1321 836; baseline -0.003 -21"><span class='ocrx_word' id='word_1_22' title='bbox 149 751 355 816; x_wconf 89' lang='lat' dir='ltr'>Germanice:</span> <span class='ocrx_word' id='word_1_23' title='bbox 373 772 471 815; x_wconf 77' lang='lat' dir='ltr'>coeno</span> <span class='ocrx_word' id='word_1_24' title='bbox 487 772 521 814; x_wconf 84' lang='lat' dir='ltr'>er</span> <span class='ocrx_word' id='word_1_25' title='bbox 542 752 610 836; x_wconf 83' lang='lat' dir='ltr'>(der</span> <span class='ocrx_word' id='word_1_26' title='bbox 629 751 732 832; x_wconf 81' lang='lat' dir='ltr'>Wald)</span> <span class='ocrx_word' id='word_1_27' title='bbox 754 751 847 814; x_wconf 74' lang='lat' dir='ltr'>nicht</span> <span class='ocrx_word' id='word_1_28' title='bbox 862 750 981 813; x_wconf 74' lang='lat' dir='ltr'>wieder</span> <span class='ocrx_word' id='word_1_29' title='bbox 996 771 1095 832; x_wconf 74' lang='lat' dir='ltr'>supere</span> <span class='ocrx_word' id='word_1_30' title='bbox 1112 752 1133 813; x_wconf 88' lang='lat' dir='ltr'>i.</span> <span class='ocrx_word' id='word_1_31' title='bbox 1147 772 1172 814; x_wconf 89' lang='lat' dir='ltr'>e.</span> <span class='ocrx_word' id='word_1_32' title='bbox 1186 751 1285 813; x_wconf 71' lang='lat' dir='ltr'>adedo</span> <span class='ocrx_word' id='word_1_33' title='bbox 1308 788 1321 796; x_wconf 98' lang='lat'>-</span> 
     </span>
     <span class='ocr_line' id='line_1_5' title="bbox 149 856 1323 940; baseline -0.003 -18"><span class='ocrx_word' id='word_1_34' title='bbox 149 865 250 922; x_wconf 75' lang='lat' dir='ltr'>tocco</span> <span class='ocrx_word' id='word_1_35' title='bbox 274 859 367 937; x_wconf 68' lang='lat' dir='ltr'>word,</span> <span class='ocrx_word' id='word_1_36' title='bbox 391 879 461 921; x_wconf 82' lang='lat' dir='ltr'>was</span> <span class='ocrx_word' id='word_1_37' title='bbox 484 859 538 936; x_wconf 75' lang='lat' dir='ltr'>dor,</span> <span class='ocrx_word' id='word_1_38' title='bbox 563 858 681 940; x_wconf 73' lang='lat' dir='ltr'>Lydio,</span> <span class='ocrx_word' id='word_1_39' title='bbox 705 857 820 939; x_wconf 39' lang='lat' dir='ltr'>bdsuftp</span> <span class='ocrx_word' id='word_1_40' title='bbox 840 878 1009 939; x_wconf 74' lang='lat' dir='ltr'>pesunpen</span> <span class='ocrx_word' id='word_1_41' title='bbox 1032 858 1134 920; x_wconf 67' lang='lat' dir='ltr'>host‘.</span> <span class='ocrx_word' id='word_1_42' title='bbox 1171 856 1222 919; x_wconf 92' lang='lat' dir='ltr'>De</span> <span class='ocrx_word' id='word_1_43' title='bbox 1246 878 1323 920; x_wconf 91' lang='lat' dir='ltr'>voce</span> 
     </span>
     <span class='ocr_line' id='line_1_6' title="bbox 147 946 1325 1051; baseline -0.003 -23"><span class='ocrx_word' id='word_1_44' title='bbox 147 986 337 1051; x_wconf 85' lang='lat' dir='ltr'>repercussa</span> <span class='ocrx_word' id='word_1_45' title='bbox 364 963 423 1027; x_wconf 93' lang='lat' dir='ltr'>hoc</span> <span class='ocrx_word' id='word_1_46' title='bbox 453 964 523 1027; x_wconf 91' lang='lat' dir='ltr'>loco</span> <span class='ocrx_word' id='word_1_47' title='bbox 552 965 601 1048; x_wconf 84' lang='lat' dir='ltr'>agi</span> <span class='ocrx_word' id='word_1_48' title='bbox 629 946 691 1026; x_wconf 87' lang='lat' dir='ltr'>iam</span> <span class='ocrx_word' id='word_1_49' title='bbox 720 963 858 1047; x_wconf 77' lang='lat' dir='ltr'><strong>antiquis</strong></span> <span class='ocrx_word' id='word_1_50' title='bbox 882 963 1077 1048; x_wconf 78' lang='lat' dir='ltr'>temporibus</span> <span class='ocrx_word' id='word_1_51' title='bbox 1101 963 1239 1048; x_wconf 91' lang='lat' dir='ltr'>suspicio</span> <span class='ocrx_word' id='word_1_52' title='bbox 1262 963 1325 1025; x_wconf 82' lang='lat' dir='ltr'>fuit</span> 
     </span>
     <span class='ocr_line' id='line_1_7' title="bbox 148 1069 1324 1156; baseline -0.003 -22"><span class='ocrx_word' id='word_1_53' title='bbox 148 1070 208 1134; x_wconf 79' lang='lat' dir='ltr'>eir.</span> <span class='ocrx_word' id='word_1_54' title='bbox 231 1070 347 1134; x_wconf 88' lang='lat' dir='ltr'>Naekii</span> <span class='ocrx_word' id='word_1_55' title='bbox 370 1094 400 1156; x_wconf 90' lang='lat' dir='ltr'>p.</span> <span class='ocrx_word' id='word_1_56' title='bbox 426 1073 476 1134; x_wconf 82' lang='grc'>74.</span> <span class='ocrx_word' id='word_1_57' title='bbox 529 1070 750 1134; x_wconf 83' lang='lat' dir='ltr'>Coniecturam</span> <span class='ocrx_word' id='word_1_58' title='bbox 775 1071 898 1150; x_wconf 67' lang='lat' dir='ltr'>„deced‘</span> <span class='ocrx_word' id='word_1_59' title='bbox 920 1091 978 1154; x_wconf 93' lang='lat' dir='ltr'>pro</span> <span class='ocrx_word' id='word_1_60' title='bbox 1001 1071 1153 1150; x_wconf 81' lang='lat' dir='ltr'>,‚dr&#39;cens“</span> <span class='ocrx_word' id='word_1_61' title='bbox 1176 1069 1324 1138; x_wconf 86' lang='lat' dir='ltr'>facillima</span> 
     </span>
     <span class='ocr_line' id='line_1_8' title="bbox 149 1175 1324 1262; baseline -0.001 -21"><span class='ocrx_word' id='word_1_62' title='bbox 149 1199 220 1241; x_wconf 89' lang='lat' dir='ltr'>esse</span> <span class='ocrx_word' id='word_1_63' title='bbox 244 1175 373 1256; x_wconf 87' lang='lat' dir='ltr'>indices,</span> <span class='ocrx_word' id='word_1_64' title='bbox 397 1179 423 1240; x_wconf 92' lang='lat' dir='ltr'>si</span> <span class='ocrx_word' id='word_1_65' title='bbox 448 1177 600 1258; x_wconf 78' lang='lat' dir='ltr'>‚,dicecs“</span> <span class='ocrx_word' id='word_1_66' title='bbox 622 1176 655 1238; x_wconf 92' lang='lat' dir='ltr'>in</span> <span class='ocrx_word' id='word_1_67' title='bbox 671 1175 788 1255; x_wconf 88' lang='lat' dir='ltr'>codice,</span> <span class='ocrx_word' id='word_1_68' title='bbox 812 1175 895 1239; x_wconf 91' lang='lat' dir='ltr'>unde</span> <span class='ocrx_word' id='word_1_69' title='bbox 913 1176 1023 1240; x_wconf 84' lang='lat' dir='ltr'>vitium</span> <span class='ocrx_word' id='word_1_70' title='bbox 1039 1178 1071 1239; x_wconf 94' lang='lat' dir='ltr'>in</span> <span class='ocrx_word' id='word_1_71' title='bbox 1089 1176 1324 1262; x_wconf 42' lang='lat' dir='ltr'>ceterosftlibros</span> 
     </span>
     <span class='ocr_line' id='line_1_9' title="bbox 148 1282 1281 1368; baseline -0.002 -20"><span class='ocrx_word' id='word_1_72' title='bbox 148 1283 319 1362; x_wconf 85' lang='lat' dir='ltr'>transierit,</span> <span class='ocrx_word' id='word_1_73' title='bbox 342 1306 399 1368; x_wconf 91' lang='lat' dir='ltr'>per</span> <span class='ocrx_word' id='word_1_74' title='bbox 422 1283 690 1347; x_wconf 82' lang='lat' dir='ltr'>abbreviationem</span> <span class='ocrx_word' id='word_1_75' title='bbox 713 1283 838 1363; x_wconf 55' lang='lat' dir='ltr'>„diceffl</span> <span class='ocrx_word' id='word_1_76' title='bbox 861 1282 1008 1366; x_wconf 76' lang='lat' dir='ltr'>scriptam</span> <span class='ocrx_word' id='word_1_77' title='bbox 1032 1305 1101 1346; x_wconf 89' lang='lat' dir='ltr'>esse</span> <span class='ocrx_word' id='word_1_78' title='bbox 1126 1285 1281 1346; x_wconf 85' lang='lat' dir='ltr'>statueris.</span> 
     </span>
    </p>
   </div>
   <div class='ocr_carea' id='block_1_2' title="bbox 630 1570 847 1631">
    <p class='ocr_par' dir='ltr' id='par_1_3' title="bbox 630 1570 847 1631">
     <span class='ocr_line' id='line_1_10' title="bbox 630 1570 847 1631; baseline 0.005 -1"><span class='ocrx_word' id='word_1_79' title='bbox 630 1591 682 1630; x_wconf 92' lang='lat' dir='ltr'>vv.</span> <span class='ocrx_word' id='word_1_80' title='bbox 707 1570 847 1631; x_wconf 85' lang='grc'>42-44.</span> 
     </span>
    </p>
   </div>
   <div class='ocr_carea' id='block_1_3' title="bbox 273 1692 1215 1989">
    <p class='ocr_par' dir='ltr' id='par_1_4' title="bbox 273 1692 1215 1989">
     <span class='ocr_line' id='line_1_11' title="bbox 273 1692 1074 1777; baseline -0.001 -21"><span class='ocrx_word' id='word_1_81' title='bbox 273 1693 434 1772; x_wconf 80' lang='lat' dir='ltr'>„Vicinue</span> <span class='ocrx_word' id='word_1_82' title='bbox 457 1692 612 1775; x_wconf 77' lang='lat' dir='ltr'>flammae</span> <span class='ocrx_word' id='word_1_83' title='bbox 635 1693 774 1777; x_wconf 79' lang='lat' dir='ltr'>rapiant</span> <span class='ocrx_word' id='word_1_84' title='bbox 796 1714 834 1756; x_wconf 76' lang='lat' dir='ltr'>erc</span> <span class='ocrx_word' id='word_1_85' title='bbox 857 1693 970 1755; x_wconf 77' lang='lat' dir='ltr'>ordine</span> <span class='ocrx_word' id='word_1_86' title='bbox 993 1693 1074 1756; x_wconf 79' lang='lat' dir='ltr'>cites</span> 
     </span>
     <span class='ocr_line' id='line_1_12' title="bbox 276 1799 1045 1882; baseline -0.001 -19"><span class='ocrx_word' id='word_1_87' title='bbox 276 1799 464 1863; x_wconf 79' lang='lat' dir='ltr'>Poscuntur</span> <span class='ocrx_word' id='word_1_88' title='bbox 486 1805 602 1882; x_wconf 77' lang='lat' dir='ltr'>sepcies</span> <span class='ocrx_word' id='word_1_89' title='bbox 627 1799 762 1881; x_wconf 69' lang='lat' dir='ltr'>difficere</span> <span class='ocrx_word' id='word_1_90' title='bbox 785 1799 919 1881; x_wconf 61' lang='lat' dir='ltr'>eparcus</span> <span class='ocrx_word' id='word_1_91' title='bbox 943 1821 1045 1862; x_wconf 79' lang='lat' dir='ltr'>norae</span> 
     </span>
     <span class='ocr_line' id='line_1_13' title="bbox 278 1905 1215 1989; baseline 0 -19"><span class='ocrx_word' id='word_1_92' title='bbox 278 1907 467 1970; x_wconf 56' lang='lat' dir='ltr'>stocsoolct</span> <span class='ocrx_word' id='word_1_93' title='bbox 489 1906 662 1969; x_wconf 74' lang='lat' dir='ltr'>arboribus</span> <span class='ocrx_word' id='word_1_94' title='bbox 685 1905 866 1989; x_wconf 74' lang='lat' dir='ltr'>eonirrr&#39;zpat</span> <span class='ocrx_word' id='word_1_95' title='bbox 888 1911 918 1969; x_wconf 80' lang='lat' dir='ltr'>et</span> <span class='ocrx_word' id='word_1_96' title='bbox 940 1907 1038 1969; x_wconf 82' lang='lat' dir='ltr'>orbor</span> <span class='ocrx_word' id='word_1_97' title='bbox 1061 1907 1215 1970; x_wconf 73' lang='lat' dir='ltr'>oristas.“</span> 
     </span>
    </p>
   </div>
   <div class='ocr_carea' id='block_1_4' title="bbox 150 2029 1326 2331">
    <p class='ocr_par' dir='ltr' id='par_1_5' title="bbox 150 2029 1326 2331">
     <span class='ocr_line' id='line_1_14' title="bbox 206 2029 1325 2117; baseline 0.001 -23"><span class='ocrx_word' id='word_1_98' title='bbox 206 2100 211 2109; x_wconf 30' lang='lat'><strong>¹</strong></span> <span class='ocrx_word' id='word_1_99' title='bbox 260 2030 324 2094; x_wconf 88' lang='lat' dir='ltr'>Pro</span> <span class='ocrx_word' id='word_1_100' title='bbox 349 2031 528 2112; x_wconf 79' lang='lat' dir='ltr'>‚,vr&#39;oo&#39;uae“,</span> <span class='ocrx_word' id='word_1_101' title='bbox 551 2053 645 2115; x_wconf 90' lang='lat' dir='ltr'>quam</span> <span class='ocrx_word' id='word_1_102' title='bbox 669 2033 806 2094; x_wconf 89' lang='lat' dir='ltr'>omnium</span> <span class='ocrx_word' id='word_1_103' title='bbox 827 2029 968 2093; x_wconf 90' lang='lat' dir='ltr'>codicum</span> <span class='ocrx_word' id='word_1_104' title='bbox 986 2032 1172 2117; x_wconf 81' lang='lat' dir='ltr'>scripturam</span> <span class='ocrx_word' id='word_1_105' title='bbox 1188 2031 1325 2096; x_wconf 82' lang='lat' dir='ltr'>editores</span> 
     </span>
     <span class='ocr_line' id='line_1_15' title="bbox 151 2136 1326 2222; baseline -0.001 -21"><span class='ocrx_word' id='word_1_106' title='bbox 151 2137 344 2201; x_wconf 78' lang='lat' dir='ltr'>recentiores</span> <span class='ocrx_word' id='word_1_107' title='bbox 373 2137 405 2200; x_wconf 91' lang='lat' dir='ltr'>in</span> <span class='ocrx_word' id='word_1_108' title='bbox 430 2136 597 2201; x_wconf 90' lang='lat' dir='ltr'>verborum</span> <span class='ocrx_word' id='word_1_109' title='bbox 624 2145 804 2201; x_wconf 83' lang='lat' dir='ltr'>contextum</span> <span class='ocrx_word' id='word_1_110' title='bbox 833 2137 972 2222; x_wconf 89' lang='lat' dir='ltr'>recipere</span> <span class='ocrx_word' id='word_1_111' title='bbox 1000 2160 1064 2201; x_wconf 93' lang='lat' dir='ltr'>non</span> <span class='ocrx_word' id='word_1_112' title='bbox 1093 2138 1326 2219; x_wconf 83' lang='lat' dir='ltr'>dubit-averunt,</span> 
     </span>
     <span class='ocr_line' id='line_1_16' title="bbox 150 2243 1325 2331; baseline 0.001 -23"><span class='ocrx_word' id='word_1_113' title='bbox 150 2243 374 2308; x_wconf 85' lang='lat' dir='ltr'>Rothsteinius</span> <span class='ocrx_word' id='word_1_114' title='bbox 399 2243 554 2308; x_wconf 86' lang='lat' dir='ltr'>Gronovii</span> <span class='ocrx_word' id='word_1_115' title='bbox 578 2253 610 2307; x_wconf 89' lang='lat' dir='ltr'>et</span> <span class='ocrx_word' id='word_1_116' title='bbox 633 2243 759 2307; x_wconf 88' lang='lat' dir='ltr'>Heinsii</span> <span class='ocrx_word' id='word_1_117' title='bbox 782 2244 993 2307; x_wconf 87' lang='lat' dir='ltr'>coniecturam</span> <span class='ocrx_word' id='word_1_118' title='bbox 1017 2245 1186 2325; x_wconf 78' lang='lat' dir='ltr'>„cicinos“</span> <span class='ocrx_word' id='word_1_119' title='bbox 1208 2268 1325 2331; x_wconf 86' lang='lat' dir='ltr'>ponere</span> 
     </span>
    </p>
   </div>
   <div class='ocr_carea' id='block_1_5' title="bbox 152 2349 1328 4145">
    <p class='ocr_par' dir='ltr' id='par_1_6' title="bbox 152 2349 1326 2542">
     <span class='ocr_line' id='line_1_17' title="bbox 152 2349 1326 2436; baseline -0.001 -20"><span class='ocrx_word' id='word_1_120' title='bbox 152 2351 231 2416; x_wconf 87' lang='lat' dir='ltr'>vult.</span> <span class='ocrx_word' id='word_1_121' title='bbox 278 2351 361 2414; x_wconf 89' lang='lat' dir='ltr'>Nam</span> <span class='ocrx_word' id='word_1_122' title='bbox 394 2351 492 2415; x_wconf 88' lang='lat' dir='ltr'>silvae</span> <span class='ocrx_word' id='word_1_123' title='bbox 525 2349 704 2414; x_wconf 90' lang='lat' dir='ltr'>incendium</span> <span class='ocrx_word' id='word_1_124' title='bbox 738 2359 846 2436; x_wconf 89' lang='lat' dir='ltr'>optare</span> <span class='ocrx_word' id='word_1_125' title='bbox 880 2359 1005 2435; x_wconf 88' lang='lat' dir='ltr'>poetam</span> <span class='ocrx_word' id='word_1_126' title='bbox 1039 2351 1129 2430; x_wconf 85' lang='lat' dir='ltr'>dicit,</span> <span class='ocrx_word' id='word_1_127' title='bbox 1164 2361 1199 2415; x_wconf 87' lang='lat' dir='ltr'>ut</span> <span class='ocrx_word' id='word_1_128' title='bbox 1231 2353 1326 2417; x_wconf 89' lang='lat' dir='ltr'>etiam</span> 
     </span>
     <span class='ocr_line' id='line_1_18' title="bbox 154 2457 561 2542; baseline 0 -21"><span class='ocrx_word' id='word_1_129' title='bbox 154 2457 276 2522; x_wconf 90' lang='lat' dir='ltr'>vicinas</span> <span class='ocrx_word' id='word_1_130' title='bbox 299 2457 382 2521; x_wconf 87' lang='lat' dir='ltr'>vites</span> <span class='ocrx_word' id='word_1_131' title='bbox 406 2458 561 2542; x_wconf 88' lang='lat' dir='ltr'>corripiat.</span> 
     </span>
    </p>

    <p class='ocr_par' dir='ltr' id='par_1_7' title="bbox 153 2562 1326 2856">
     <span class='ocr_line' id='line_1_19' title="bbox 262 2562 1325 2649; baseline 0.002 -21"><span class='ocrx_word' id='word_1_132' title='bbox 262 2562 327 2628; x_wconf 84' lang='lat' dir='ltr'>Sed</span> <span class='ocrx_word' id='word_1_133' title='bbox 357 2564 513 2648; x_wconf 82' lang='lat' dir='ltr'>enallages</span> <span class='ocrx_word' id='word_1_134' title='bbox 544 2565 671 2649; x_wconf 85' lang='lat' dir='ltr'>figuram</span> <span class='ocrx_word' id='word_1_135' title='bbox 699 2564 759 2628; x_wconf 94' lang='lat' dir='ltr'>hoc</span> <span class='ocrx_word' id='word_1_136' title='bbox 789 2565 859 2627; x_wconf 85' lang='lat' dir='ltr'>loeo</span> <span class='ocrx_word' id='word_1_137' title='bbox 887 2587 905 2628; x_wconf 87' lang='lat' dir='ltr'>a</span> <span class='ocrx_word' id='word_1_138' title='bbox 933 2573 1026 2649; x_wconf 90' lang='lat' dir='ltr'>poeta</span> <span class='ocrx_word' id='word_1_139' title='bbox 1054 2564 1225 2629; x_wconf 86' lang='lat' dir='ltr'>adhibitam</span> <span class='ocrx_word' id='word_1_140' title='bbox 1256 2589 1325 2630; x_wconf 89' lang='lat' dir='ltr'>esse</span> 
     </span>
     <span class='ocr_line' id='line_1_20' title="bbox 153 2670 1326 2757; baseline 0.002 -23"><span class='ocrx_word' id='word_1_141' title='bbox 153 2693 339 2756; x_wconf 87' lang='lat' dir='ltr'>persuasum</span> <span class='ocrx_word' id='word_1_142' title='bbox 376 2670 486 2736; x_wconf 89' lang='lat' dir='ltr'>habeo.</span> <span class='ocrx_word' id='word_1_143' title='bbox 538 2670 620 2734; x_wconf 89' lang='lat' dir='ltr'>Nam</span> <span class='ocrx_word' id='word_1_144' title='bbox 659 2671 741 2734; x_wconf 90' lang='lat' dir='ltr'>vites</span> <span class='ocrx_word' id='word_1_145' title='bbox 780 2692 843 2734; x_wconf 93' lang='lat' dir='ltr'>non</span> <span class='ocrx_word' id='word_1_146' title='bbox 881 2671 981 2734; x_wconf 88' lang='lat' dir='ltr'>solum</span> <span class='ocrx_word' id='word_1_147' title='bbox 1019 2673 1213 2757; x_wconf 84' lang='lat' dir='ltr'>propinquae</span> <span class='ocrx_word' id='word_1_148' title='bbox 1253 2681 1326 2736; x_wconf 91' lang='lat' dir='ltr'>sunt</span> 
     </span>
     <span class='ocr_line' id='line_1_21' title="bbox 153 2777 1247 2856; baseline 0.003 -16"><span class='ocrx_word' id='word_1_149' title='bbox 153 2777 302 2856; x_wconf 86' lang='lat' dir='ltr'>flammis,</span> <span class='ocrx_word' id='word_1_150' title='bbox 326 2777 383 2841; x_wconf 88' lang='lat' dir='ltr'>sed</span> <span class='ocrx_word' id='word_1_151' title='bbox 406 2778 500 2841; x_wconf 89' lang='lat' dir='ltr'>etiam</span> <span class='ocrx_word' id='word_1_152' title='bbox 523 2777 665 2842; x_wconf 89' lang='lat' dir='ltr'>flammae</span> <span class='ocrx_word' id='word_1_153' title='bbox 690 2777 816 2842; x_wconf 80' lang='lat' dir='ltr'>vitibus</span> <span class='ocrx_word' id='word_1_154' title='bbox 1246 2781 1247 2784; x_wconf 66' lang='grc'>’</span> 
     </span>
    </p>

    <p class='ocr_par' dir='ltr' id='par_1_8' title="bbox 155 2883 1327 3290">
     <span class='ocr_line' id='line_1_22' title="bbox 260 2883 1327 2970; baseline 0.004 -24"><span class='ocrx_word' id='word_1_155' title='bbox 260 2884 301 2946; x_wconf 94' lang='lat' dir='ltr'>In</span> <span class='ocrx_word' id='word_1_156' title='bbox 335 2884 477 2948; x_wconf 89' lang='lat' dir='ltr'>versibus</span> <span class='ocrx_word' id='word_1_157' title='bbox 510 2886 563 2969; x_wconf 93' lang='lat' dir='ltr'>qui</span> <span class='ocrx_word' id='word_1_158' title='bbox 596 2892 769 2969; x_wconf 89' lang='lat' dir='ltr'>sequuntur</span> <span class='ocrx_word' id='word_1_159' title='bbox 800 2883 1042 2970; x_wconf 81' lang='lat' dir='ltr'>interpretandis</span> <span class='ocrx_word' id='word_1_160' title='bbox 1076 2884 1212 2949; x_wconf 89' lang='lat' dir='ltr'>editores</span> <span class='ocrx_word' id='word_1_161' title='bbox 1244 2886 1327 2950; x_wconf 89' lang='lat' dir='ltr'>inter</span> 
     </span>
     <span class='ocr_line' id='line_1_23' title="bbox 155 2988 1325 3078; baseline 0.002 -24"><span class='ocrx_word' id='word_1_162' title='bbox 155 3011 189 3054; x_wconf 89' lang='lat' dir='ltr'>se</span> <span class='ocrx_word' id='word_1_163' title='bbox 222 2988 411 3076; x_wconf 88' lang='lat' dir='ltr'>discrepant.</span> <span class='ocrx_word' id='word_1_164' title='bbox 458 2991 628 3055; x_wconf 88' lang='lat' dir='ltr'>Putschius</span> <span class='ocrx_word' id='word_1_165' title='bbox 656 3013 713 3076; x_wconf 88' lang='lat' dir='ltr'>pro</span> <span class='ocrx_word' id='word_1_166' title='bbox 741 2990 857 3054; x_wconf 85' lang='lat' dir='ltr'>tradita</span> <span class='ocrx_word' id='word_1_167' title='bbox 880 2991 1014 3054; x_wconf 86' lang='lat' dir='ltr'>lectione</span> <span class='ocrx_word' id='word_1_168' title='bbox 1038 2998 1182 3072; x_wconf 77' lang='lat' dir='ltr'>‚‚arrrue“</span> <span class='ocrx_word' id='word_1_169' title='bbox 1205 3015 1325 3078; x_wconf 91' lang='lat' dir='ltr'>ponens</span> 
     </span>
     <span class='ocr_line' id='line_1_24' title="bbox 155 3097 1326 3184; baseline 0.001 -24"><span class='ocrx_word' id='word_1_170' title='bbox 155 3101 283 3178; x_wconf 61' lang='lat' dir='ltr'>„norff</span> <span class='ocrx_word' id='word_1_171' title='bbox 294 3105 339 3160; x_wconf 71' lang='lat' dir='ltr'>&#39;et</span> <span class='ocrx_word' id='word_1_172' title='bbox 361 3119 419 3182; x_wconf 92' lang='lat' dir='ltr'>pro</span> <span class='ocrx_word' id='word_1_173' title='bbox 442 3098 582 3179; x_wconf 80' lang='lat' dir='ltr'>„orbor“</span> <span class='ocrx_word' id='word_1_174' title='bbox 604 3100 754 3180; x_wconf 76' lang='lat' dir='ltr'>,‚ordor“‚</span> <span class='ocrx_word' id='word_1_175' title='bbox 783 3120 863 3182; x_wconf 89' lang='lat' dir='ltr'>quae</span> <span class='ocrx_word' id='word_1_176' title='bbox 887 3097 972 3161; x_wconf 88' lang='lat' dir='ltr'>docti</span> <span class='ocrx_word' id='word_1_177' title='bbox 996 3097 1068 3162; x_wconf 85' lang='lat' dir='ltr'>Itali</span> <span class='ocrx_word' id='word_1_178' title='bbox 1093 3099 1246 3184; x_wconf 87' lang='lat' dir='ltr'>scriptura</span> <span class='ocrx_word' id='word_1_179' title='bbox 1269 3108 1326 3179; x_wconf 76' lang='lat' dir='ltr'>est,</span> 
     </span>
     <span class='ocr_line' id='line_1_25' title="bbox 155 3201 681 3290; baseline 0.002 -24"><span class='ocrx_word' id='word_1_180' title='bbox 155 3211 258 3266; x_wconf 82' lang='lat' dir='ltr'>toturn</span> <span class='ocrx_word' id='word_1_181' title='bbox 280 3203 384 3267; x_wconf 90' lang='lat' dir='ltr'>locum</span> <span class='ocrx_word' id='word_1_182' title='bbox 408 3203 452 3268; x_wconf 86' lang='lat' dir='ltr'>ita</span> <span class='ocrx_word' id='word_1_183' title='bbox 474 3201 681 3290; x_wconf 84' lang='lat' dir='ltr'>interpungit:</span> 
     </span>
    </p>

    <p class='ocr_par' dir='ltr' id='par_1_9' title="bbox 261 3311 1047 3395">
     <span class='ocr_line' id='line_1_26' title="bbox 261 3311 1047 3395; baseline 0.004 -22"><span class='ocrx_word' id='word_1_184' title='bbox 261 3311 471 3392; x_wconf 75' lang='lat' dir='ltr'>„Poscuntur</span> <span class='ocrx_word' id='word_1_185' title='bbox 493 3317 623 3395; x_wconf 73' lang='lat' dir='ltr'>sepcies,</span> <span class='ocrx_word' id='word_1_186' title='bbox 647 3311 781 3394; x_wconf 77' lang='lat' dir='ltr'>diffusis</span> <span class='ocrx_word' id='word_1_187' title='bbox 804 3313 938 3394; x_wconf 64' lang='lat' dir='ltr'>cynicus</span> <span class='ocrx_word' id='word_1_188' title='bbox 962 3334 1047 3376; x_wconf 82' lang='lat' dir='ltr'>eoru</span> 
     </span>
    </p>

    <p class='ocr_par' dir='ltr' id='par_1_10' title="bbox 266 3417 1216 3502">
     <span class='ocr_line' id='line_1_27' title="bbox 266 3417 1216 3502; baseline 0.004 -22"><span class='ocrx_word' id='word_1_189' title='bbox 266 3417 469 3498; x_wconf 64' lang='lat' dir='ltr'>dbonsrolet,</span> <span class='ocrx_word' id='word_1_190' title='bbox 493 3419 666 3483; x_wconf 74' lang='lat' dir='ltr'>arboribus</span> <span class='ocrx_word' id='word_1_191' title='bbox 689 3419 869 3502; x_wconf 76' lang='lat' dir='ltr'>conionput</span> <span class='ocrx_word' id='word_1_192' title='bbox 891 3427 922 3482; x_wconf 79' lang='lat' dir='ltr'>et</span> <span class='ocrx_word' id='word_1_193' title='bbox 943 3421 1042 3482; x_wconf 83' lang='lat' dir='ltr'>ordor</span> <span class='ocrx_word' id='word_1_194' title='bbox 1064 3421 1216 3484; x_wconf 76' lang='lat' dir='ltr'>arietus“.</span> 
     </span>
    </p>

    <p class='ocr_par' dir='ltr' id='par_1_11' title="bbox 154 3523 1328 3929">
     <span class='ocr_line' id='line_1_28' title="bbox 263 3523 1326 3610; baseline 0.003 -24"><span class='ocrx_word' id='word_1_195' title='bbox 263 3523 338 3600; x_wconf 76' lang='lat' dir='ltr'>Qua</span> <span class='ocrx_word' id='word_1_196' title='bbox 367 3525 399 3586; x_wconf 92' lang='lat' dir='ltr'>in</span> <span class='ocrx_word' id='word_1_197' title='bbox 423 3524 675 3610; x_wconf 80' lang='lat' dir='ltr'>interpunctione</span> <span class='ocrx_word' id='word_1_198' title='bbox 699 3547 762 3588; x_wconf 92' lang='lat' dir='ltr'>nou</span> <span class='ocrx_word' id='word_1_199' title='bbox 785 3525 897 3609; x_wconf 88' lang='lat' dir='ltr'>liquet,</span> <span class='ocrx_word' id='word_1_200' title='bbox 927 3548 989 3610; x_wconf 93' lang='lat' dir='ltr'>quo</span> <span class='ocrx_word' id='word_1_201' title='bbox 1019 3525 1114 3589; x_wconf 92' lang='lat' dir='ltr'>modo</span> <span class='ocrx_word' id='word_1_202' title='bbox 1144 3529 1326 3589; x_wconf 87' lang='lat' dir='ltr'>continuum</span> 
     </span>
     <span class='ocr_line' id='line_1_29' title="bbox 156 3629 1328 3717; baseline 0.003 -25"><span class='ocrx_word' id='word_1_203' title='bbox 156 3631 211 3693; x_wconf 87' lang='lat' dir='ltr'>fiat</span> <span class='ocrx_word' id='word_1_204' title='bbox 233 3629 422 3710; x_wconf 89' lang='lat' dir='ltr'>incendium,</span> <span class='ocrx_word' id='word_1_205' title='bbox 446 3653 516 3694; x_wconf 92' lang='lat' dir='ltr'>oum</span> <span class='ocrx_word' id='word_1_206' title='bbox 541 3632 642 3717; x_wconf 89' lang='lat' dir='ltr'>primo</span> <span class='ocrx_word' id='word_1_207' title='bbox 667 3639 790 3715; x_wconf 84' lang='lat' dir='ltr'>segetes</span> <span class='ocrx_word' id='word_1_208' title='bbox 805 3641 974 3717; x_wconf 87' lang='lat' dir='ltr'>pascantur</span> <span class='ocrx_word' id='word_1_209' title='bbox 989 3633 1008 3696; x_wconf 85' lang='lat' dir='ltr'>i.</span> <span class='ocrx_word' id='word_1_210' title='bbox 1025 3655 1051 3696; x_wconf 89' lang='lat' dir='ltr'>e.</span> <span class='ocrx_word' id='word_1_211' title='bbox 1066 3633 1199 3697; x_wconf 88' lang='lat' dir='ltr'>flammis</span> <span class='ocrx_word' id='word_1_212' title='bbox 1215 3655 1328 3696; x_wconf 91' lang='lat' dir='ltr'>eonsu-</span> 
     </span>
     <span class='ocr_line' id='line_1_30' title="bbox 156 3737 1328 3822; baseline 0.003 -22"><span class='ocrx_word' id='word_1_213' title='bbox 156 3745 282 3800; x_wconf 88' lang='lat' dir='ltr'>mantur</span> <span class='ocrx_word' id='word_1_214' title='bbox 309 3745 342 3800; x_wconf 84' lang='lat' dir='ltr'>et</span> <span class='ocrx_word' id='word_1_215' title='bbox 369 3745 435 3800; x_wconf 89' lang='lat' dir='ltr'>tum</span> <span class='ocrx_word' id='word_1_216' title='bbox 465 3737 557 3801; x_wconf 90' lang='lat' dir='ltr'>ardor</span> <span class='ocrx_word' id='word_1_217' title='bbox 580 3741 705 3818; x_wconf 87' lang='lat' dir='ltr'>aristas,</span> <span class='ocrx_word' id='word_1_218' title='bbox 735 3759 815 3822; x_wconf 87' lang='lat' dir='ltr'>quae</span> <span class='ocrx_word' id='word_1_219' title='bbox 838 3739 899 3801; x_wconf 90' lang='lat' dir='ltr'>iam</span> <span class='ocrx_word' id='word_1_220' title='bbox 922 3739 1068 3802; x_wconf 88' lang='lat' dir='ltr'>incendio</span> <span class='ocrx_word' id='word_1_221' title='bbox 1092 3739 1248 3820; x_wconf 87' lang='lat' dir='ltr'>delentur,</span> <span class='ocrx_word' id='word_1_222' title='bbox 1279 3763 1328 3804; x_wconf 89' lang='lat' dir='ltr'>ar-</span> 
     </span>
     <span class='ocr_line' id='line_1_31' title="bbox 154 3843 1294 3929; baseline 0.001 -21"><span class='ocrx_word' id='word_1_223' title='bbox 154 3843 284 3908; x_wconf 89' lang='lat' dir='ltr'>boribus</span> <span class='ocrx_word' id='word_1_224' title='bbox 307 3845 484 3929; x_wconf 84' lang='lat' dir='ltr'>coniungat.</span> <span class='ocrx_word' id='word_1_225' title='bbox 1291 3913 1294 3918; x_wconf 67' lang='grc'><em>,</em></span> 
     </span>
    </p>

    <p class='ocr_par' dir='ltr' id='par_1_12' title="bbox 157 3950 1327 4145">
     <span class='ocr_line' id='line_1_32' title="bbox 263 3950 1327 4040; baseline 0.005 -27"><span class='ocrx_word' id='word_1_226' title='bbox 263 3950 387 4014; x_wconf 85' lang='lat' dir='ltr'>Eodem</span> <span class='ocrx_word' id='word_1_227' title='bbox 411 3953 490 4015; x_wconf 89' lang='lat' dir='ltr'>vitio</span> <span class='ocrx_word' id='word_1_228' title='bbox 513 3951 635 4015; x_wconf 90' lang='lat' dir='ltr'>laborat</span> <span class='ocrx_word' id='word_1_229' title='bbox 665 3951 880 4037; x_wconf 85' lang='lat' dir='ltr'>distinguendi</span> <span class='ocrx_word' id='word_1_230' title='bbox 909 3953 989 4016; x_wconf 86' lang='lat' dir='ltr'>ratio</span> <span class='ocrx_word' id='word_1_231' title='bbox 1013 3954 1141 4033; x_wconf 71' lang='lat' dir='ltr'>Naeuii,</span> <span class='ocrx_word' id='word_1_232' title='bbox 1171 3955 1224 4039; x_wconf 92' lang='lat' dir='ltr'>qui</span> <span class='ocrx_word' id='word_1_233' title='bbox 1254 3964 1327 4040; x_wconf 89' lang='lat' dir='ltr'>post</span> 
     </span>
     <span class='ocr_line' id='line_1_33' title="bbox 157 4061 1052 4145; baseline 0.002 -24"><span class='ocrx_word' id='word_1_234' title='bbox 157 4062 316 4141; x_wconf 80' lang='lat' dir='ltr'>‚‚sepetes“</span> <span class='ocrx_word' id='word_1_235' title='bbox 339 4066 460 4122; x_wconf 86' lang='lat' dir='ltr'>tantum</span> <span class='ocrx_word' id='word_1_236' title='bbox 485 4066 517 4122; x_wconf 82' lang='lat' dir='ltr'>et</span> <span class='ocrx_word' id='word_1_237' title='bbox 539 4061 758 4140; x_wconf 77' lang='lat' dir='ltr'>,‚tronsr·olet“</span> <span class='ocrx_word' id='word_1_238' title='bbox 780 4066 932 4122; x_wconf 86' lang='lat' dir='ltr'>commata</span> <span class='ocrx_word' id='word_1_239' title='bbox 955 4061 1052 4145; x_wconf 87' lang='lat' dir='ltr'>ponit.</span> 
     </span>
    </p>
   </div>
   <div class='ocr_carea' id='block_1_6' title="bbox 0 0 1521 4644">
    <p class='ocr_par' dir='ltr' id='par_1_13' title="bbox 0 0 1521 4644">
     <span class='ocr_line' id='line_1_34' title="bbox 0 0 1521 4644; baseline 0 0"><span class='ocrx_word' id='word_1_240' title='bbox 0 0 1521 4644; x_wconf 95' lang='lat' dir='ltr'> </span> 
     </span>
    </p>
   </div>
  </div>
 </body>
</html>
