3010 4644
733 209 834 304 -.I-8„
878 301 897 304 -

203 400 345 464 Naekius
370 424 430 464 non
455 401 620 480 dubitavit,
644 401 700 466 sed
725 403 845 478 iniuria,
870 425 939 465 cum
964 424 1074 465 versus
1099 404 1140 464 40
1165 401 1279 464 bonam
1306 424 1386 464 sen-

203 509 335 571 tentiam
349 530 413 571 non
429 509 587 594 praebeat.
632 508 707 585 Quo
732 508 825 574 modo
841 509 984 573 Naekins
1008 508 1085 572 haec
1106 507 1203 572 verba
1226 507 1385 592 explicari

204 613 296 693 velit,
319 613 368 678 his
393 617 538 700 exponit:
569 615 714 696 „Phoebo
737 621 835 700 utque
859 637 981 679 correus
1005 616 1092 678 orbls
1117 617 1198 678 luno
1222 620 1269 678 eol
1291 615 1324 678 a.
1342 607 1381 678 e.

204 741 322 805 eorpus
352 723 497 802 cocleae,
529 724 615 805 quod
644 724 846 804 oousploltur
876 723 978 787 oculls
997 722 1200 786 mortalium.
1252 721 1386 786 Delude

203 827 340 891 Luuoru
370 828 464 892 deuna
495 830 692 911 alloquitur:
724 850 758 892 oo
790 835 929 912 temporo
961 834 1038 891 tuus
1044 879 1052 910 ,
1083 829 1240 906 oLuuo,
1273 833 1385 891 lacurn

204 939 270 1019 est:
301 955 361 997 our
388 955 460 1017 erpo
489 956 561 998 rnen
589 956 657 997 uon
687 941 735 998 ast
761 938 933 998 naccum?“
984 933 1048 998 Sed
1072 934 1214 998 Naekius
1238 935 1307 1019 ipse
1332 935 1385 996 in-

204 1040 325 1124 tellegit
357 1040 438 1104 hano
474 1029 714 1126 explicationem
749 1041 914 1105 obscuram
949 1049 1042 1125 atque
1081 1041 1260 1124 ambiguam
1299 1063 1384 1104 esse.

203 1146 287 1210 Nam
316 1145 419 1211 addit:
453 1149 591 1232 „quodsi
621 1149 696 1231 qrrls
727 1149 859 1212 obscure
889 1150 939 1212 ool
967 1149 1119 1232 omblpue
1143 1149 1289 1211 locutura
1313 1169 1386 1212 csse

200 1259 331 1337 poclum
355 1256 451 1335 allent,
471 1260 645 1338 propterea
668 1256 754 1338 quod
777 1255 901 1319 Phoebo
924 1256 1024 1318 ellum
1046 1275 1107 1338 pro
1130 1255 1265 1318 nomine
1289 1254 1385 1318 Deua

203 1361 317 1424 bobert¹
335 1362 459 1447 possit:
484 1363 566 1425 sollo
594 1361 670 1425 Colo
693 1383 734 1424 ue
757 1363 815 1426 lroo
837 1363 938 1444 fleret,
965 1365 1060 1443 ocull,
1084 1363 1165 1425 duno
1181 1383 1243 1444 por
1262 1383 1381 1446 opere-

201 1468 295 1550 yeslu
319 1474 349 1532 cl
370 1469 409 1532 lu
432 1470 605 1532 cumulum
629 1470 739 1532 uddll:
764 1474 861 1552 alque
884 1490 1006 1532 oureus
1029 1470 1147 1531 orbls“.

311 1574 358 1637 At
385 1597 434 1638 mc
454 1574 591 1659 'quidem
620 1573 723 1638 iudice
751 1575 921 1638 absurdum
952 1577 1055 1638 estin
1079 1574 1189 1638 eodem
1214 1575 1383 1638 enuntiato

205 1678 335 1743 eandem
370 1679 461 1744 deam
496 1689 529 1744 et
561 1681 684 1746 Graeco
719 1690 752 1745 et
783 1681 897 1745 Latino
932 1682 1055 1745 nomine
1095 1681 1245 1767 appellari
1283 1689 1383 1764 atque

206 1787 305 1850 altero
335 1809 429 1852 versu
459 1787 548 1850 deam
581 1789 761 1872 significari,
792 1789 889 1852 altero
920 1787 1040 1851 stellam
1072 1789 1180 1872 ipsam.
1242 1786 1385 1851 Accedit

204 1893 290 1977 quod
313 1893 520 1972 desideratur,
543 1903 579 1956 ut
601 1917 712 1958 versus
738 1898 867 1959 38-39
892 1903 924 1957 ct
947 1897 988 1957 40
1013 1893 1169 1978 quendam
1192 1895 1225 1956 in
1248 1892 1383 1956 modum

204 1999 287 2062 inter
309 2021 343 2062 se
367 2001 514 2062 contrarii
538 2002 610 2081 sint,
633 1999 719 2086 quod
742 2023 780 2064 ex
804 2000 919 2064 Naekii
942 2000 1076 2064 lectione
1095 2000 1221 2063 minime
1238 2009 1383 2084 apparet.

310 2105 417 2182 Quam
447 2107 488 2170 ob
517 2129 584 2171 rem
606 2107 816 2185 tritbemius,
847 2107 1021 2193 Hauptius,
1053 2106 1264 2171 Baehrensius
1288 2106 1381 2170 illum

203 2213 305 2275 locum
330 2213 518 2278 coniecturis
543 2236 652 2278 sanare
676 2215 781 2277 conati
805 2222 886 2278 sunt.
933 2212 996 2277 Sed
1020 2222 1083 2277 tres
1107 2212 1152 2275 illi
1176 2214 1235 2276 viri
1259 2213 1291 2275 in
1316 2212 1382 2278 hac

204 2341 238 2382 re
261 2320 399 2383 maxima
422 2319 554 2384 audacia
577 2322 625 2383 nsi
649 2321 741 2407 nimis
766 2343 784 2383 a
807 2320 968 2384 codicibus
992 2319 1138 2382 recedere
1166 2320 1241 2382 mihi
1267 2319 1383 2384 viden-

205 2434 379 2510 tunquam
404 2436 440 2490 ut
463 2427 524 2490 illis
548 2427 693 2490 assentiri
712 2429 841 2512 possim.
887 2427 1021 2511 Hauptii
1041 2424 1260 2505 coniecturam,
1284 2448 1383 2511 qnam

205 2534 237 2594 in
261 2532 400 2596 Hermae
424 2541 498 2597 tom.
523 2531 614 2599 VIII
638 2536 747 2616 (1874)
770 2557 800 2618 p.
826 2537 866 2597 13
890 2533 1068 2618 proposuit:
1488 2517 1489 2542 i

324 2640 466 2721 „Sldorn
484 2661 546 2723 per
568 2641 708 2703 ulrldenr-
731 2641 850 2703 cedual
871 2661 946 2702 curn
967 2641 1095 2723 pullldu
1118 2641 1283 2702 ruuucluru

327 2747 434 2829 Iraque
457 2747 560 2810 rrlceru
583 2747 734 2810 Phoebus
757 2768 893 2810 currens
916 2747 1002 2810 redll
1023 2767 1144 2809 oureus
1168 2745 1259 2809 orbl“

205 2852 417 2917 Baehrensius
449 2853 568 2937 optimo
599 2855 666 2916 iure
697 2855 819 2930 reiecit,
849 2875 919 2915 oum
950 2875 1007 2937 per
1036 2860 1158 2915 noctem
1177 2852 1277 2935 *Luna
1306 2874 1383 2916 cum

206 2983 263 3024 suo
292 2967 389 3038 esset,
417 2981 478 3022 non
508 2981 564 3044 per
592 2957 689 3038 diem,
718 2969 753 3022 ut
781 2958 942 3044 Hauptius
967 2958 1070 3022 vellet.

312 3064 507 3129 Ribbeckius
531 3066 576 3128 ita
598 3065 723 3129 scribit:

239 3198 242 3204 ·
327 3173 456 3256 „Iraque
478 3173 581 3235 ulcera
605 3173 728 3236 Pluoebl
751 3194 869 3236 caurus
892 3174 989 3255 fupnl
1010 3194 1132 3235 oureus
1156 3173 1263 3234 orbls“

206 3279 318 3345 Verba
346 3300 490 3361 „oureus
521 3279 609 3342 orbis
638 3279 736 3361 supol
765 3279 886 3341 Phoclu'
915 3283 1056 3342 currus“
1086 3278 1228 3362 quaesita
1250 3277 1380 3361 quidem
1488 3281 1489 3352 ζ

206 3395 288 3465 sunt,
312 3384 368 3449 sed
391 3394 495 3449 tamen
520 3385 708 3449 sententiam
732 3384 890 3464 exhibent,
913 3395 945 3448 at
969 3406 1032 3448 vox
1055 3385 1239 3466 „ln·nloeru“
1261 3385 1293 3447 in
1317 3384 1381 3448 hoc
1488 3445 1489 3448 ,

207 3493 431 3556 sententiarum
455 3512 576 3554 conexu
600 3491 655 3553 vix
679 3513 754 3555 vera
777 3491 852 3553 mihi
876 3491 1104 3555 videturesse.

312 3598 435 3662 Eodem
465 3599 543 3660 vitio
574 3598 695 3662 laborat
725 3597 910 3662 emendandi
942 3607 1072 3663 conatus
1099 3599 1293 3679 Baehrensii,
1323 3601 1379 3684 qui

205 3709 249 3770 ita
272 3707 362 3790 legit:

295 3814 423 3896 „Inque
446 3813 549 3876 ulcera
574 3813 723 3876 Phoebus
747 3834 883 3875 currens
906 3814 995 3875 oodll
1016 3835 1138 3878 oureus
1161 3813 1292 3877 uudr's“.

311 3919 386 3982 Huc
408 3917 538 3998 accedit,
562 3916 647 4003 quod
662 3917 883 3996 Baehrensius‚
906 3926 942 3981 ut
964 3921 996 3982 in
1021 3920 1206 3984 coniecturis
1222 3917 1378 3983 faciendis

206 4025 332 4089 modum
356 4049 419 4089 non
442 4026 584 4105 adhibet,
607 4048 626 4088 a
649 4025 810 4089 codicibus
834 4025 928 4090 nimis
952 4026 1078 4101 recedit.
1165 4015 1169 4023 ’
