3010 4644
764 227 805 289 28

197 444 284 485 casse
315 419 424 485 eredit.
469 420 556 484 Talis
587 429 690 484 autem
724 421 920 507 metaphora,
952 421 1052 506 qualis
1083 420 1285 487 doctissimus
1315 423 1379 486 ille

195 528 245 592 vir
277 527 360 607 vult,
394 525 530 592 absurda
562 536 612 591 est
644 535 676 592 et
708 526 749 591 ad
780 527 939 593 Tellurem
971 550 1043 593 eum
1076 527 1173 593 Caelo
1205 527 1378 594 ludentem

194 635 293 698 multo
316 636 432 720 aptior,
454 657 548 720 quarn
570 633 611 698 ad
633 634 809 714 Venerem,
832 635 1008 699 venustatis
1032 634 1131 700 deam.

300 741 352 806 Ex
382 741 432 806 his
463 764 543 826 qnae
575 741 680 820 attuli,
719 749 912 827 quantopere
951 740 990 805 de
1025 764 1088 827 quo
1122 742 1243 826 agimus
1277 743 1375 808 locus

195 848 334 913 difficilis
369 848 525 913 medicina
558 847 660 912 adhuc
692 857 796 933 egeat,
830 850 907 912 satis
939 856 1078 934 apparet.
1129 847 1242 934 Itaque
1274 849 1377 914 liceat

194 956 270 1018 mihi
298 978 422 1041 quoque
452 955 624 1020 remedium
646 976 830 1042 proponere.
877 954 997 1019 Omnes
1021 956 1074 1040 qui
1099 977 1209 1020 versus
1234 957 1374 1022 66-69

192 1062 315 1146 legunt,
348 1085 386 1126 eo
418 1061 634 1142 offenduntur,
666 1060 752 1148 qnod
783 1061 959 1126 subiectum
992 1059 1083 1126 deest
1112 1061 1201 1126 verbi
1233 1063 1375 1146 ,pausa

194 1174 266 1233 est‘.
312 1168 394 1234 Cum
424 1178 528 1233 autem
558 1191 597 1233 ex
625 1169 769 1233 versibus
799 1170 944 1248 69-71,
977 1168 1030 1233 ubi
1061 1166 1101 1233 de
1129 1167 1234 1233 Marte
1263 1177 1296 1233 et
1324 1168 1372 1234 de

193 1275 341 1342 Vulcano
366 1298 468 1340 sermo
492 1284 550 1355 est,
572 1285 698 1362 poetam
722 1275 762 1339 de
785 1275 943 1340 amoribus
966 1297 1058 1358 agere
1079 1275 1201 1340 eluceat
1217 1276 1373 1357 Veneris

193 1405 307 1445 nomen
339 1383 423 1447 illius
455 1381 533 1446 deae
565 1381 761 1446 inferendum
793 1389 850 1446 est.
904 1381 987 1444 Tum
1019 1381 1112 1445 etiam
1149 1380 1371 1447 desideramus

193 1489 338 1568 verbnm,
368 1513 387 1553 a
416 1511 478 1574 quo
508 1491 706 1553 accusativus
735 1509 938 1573 „pttrpurees
967 1489 1083 1572 flores“
1109 1487 1260 1574 pendeat,
1292 1511 1371 1552 cum

192 1594 271 1659 illud
299 1597 446 1675 „ludere‘
475 1596 673 1660 retinendum
706 1604 738 1660 et
767 1593 1019 1681 coniungendum
1051 1617 1121 1659 esse
1154 1617 1224 1659 curn
1258 1595 1368 1660 verbis

192 1709 242 1782 „et
274 1725 365 1767 ruere
398 1725 473 1768 eum
510 1709 635 1767 teuer0“
668 1703 729 1767 iam
758 1725 854 1788 supra
877 1701 1205 1767 demonstraverimus.
1249 1702 1368 1786 Itaque

192 1816 267 1895 post
288 1833 415 1874 versum
439 1812 480 1874 66
504 1811 646 1874 lacunam
671 1832 740 1874 esse
764 1807 962 1874 statuendam
985 1816 1077 1894 put0,
1100 1811 1132 1872 in
1155 1831 1218 1893 qua
1240 1809 1368 1874 subice-

191 1926 259 1980 tum
282 1919 506 1981 enuntiationis
529 1926 562 1980 et
584 1917 729 1996 verbum,
756 1938 890 2001 quocum
918 1914 997 1980 illud
1025 1937 1227 2002 ‚fflurpureos
1248 1917 1368 2000 flores“

192 2022 444 2108 coniungendam
469 2033 527 2104 est,
550 2045 700 2110 expressa
722 2032 819 2087 erant.
864 2023 1063 2108 Quamquam
1088 2023 1170 2087 enim
1192 2023 1225 2087 in
1245 2022 1367 2088 codici-

192 2132 250 2196 bus
273 2133 352 2216 ipsis
375 2131 453 2194 nihil
476 2131 601 2217 vestigii
626 2131 817 2210 invenimuS,
844 2153 907 2215 quo
936 2153 1032 2194 unum
1056 2151 1182 2194 versum
1206 2129 1365 2195 excidisse

192 2246 354 2325 appareat,
388 2246 492 2302 tamen
527 2259 630 2322 neque
664 2237 860 2324 probabilem
894 2237 1081 2302 sententiam
1116 2259 1218 2322 neque
1252 2259 1365 2302 verum

191 2346 359 2410 verborum
392 2368 546 2409 conexum
578 2345 704 2409 efficere
736 2366 904 2430 possumus
911 2393 920 2424 ,
949 2344 1010 2407 nisi
1037 2343 1178 2406 lacunam
1208 2346 1364 2428 ponimus.

191 2452 317 2530 Quibus
348 2460 452 2516 autem
475 2452 580 2517 verbis
609 2451 693 2515 illam
721 2451 902 2537 expleamus
925 2459 1012 2515 certo
1036 2448 1098 2514 diei
1121 2453 1238 2535 nequit.
1283 2450 1364 2514 For-

190 2568 275 2624 tasse
303 2561 385 2623 inter
410 2559 470 2624 alia
498 2559 595 2623 ve'rba
619 2557 805 2622 exciderunt
832 2557 1006 2621 subiectum
1034 2559 1143 2636 „ulma
1173 2558 1300 2622 Venus“
1331 2566 1364 2621 et

191 2667 324 2730 alterum
347 2664 563 2753 praedicatum
584 2667 749 2751 „pressitt

297 2773 394 2851 Quod
427 2772 467 2836 ad
500 2794 625 2837 versum
659 2774 700 2836 68
733 2772 858 2851 attinet,
891 2793 949 2856 ego
973 2771 1140 2835 lectionem
1164 2771 1362 2856 antiquarum

191 2880 378 2945 editionum:
720 2943 722 2948 .

349 2987 522 3066 „Cuvzde'du
543 2987 687 3070 formoso
709 3006 899 3071 supponens
923 2985 1073 3049 bacchia
1096 2985 1145 3048 eol
1175 2991 1191 3023 “

190 3095 221 3157 in
245 3094 411 3159 verborum
442 3101 624 3157 contextum
653 3093 793 3178 recipere
823 3114 886 3155 non
916 3090 1041 3169 dubito,
1070 3113 1142 3154 curn
1171 3090 1211 3154 ad
1234 3090 1361 3156 codices

189 3201 288 3264 multo
312 3201 440 3287 propius
465 3199 594 3265 accedat
616 3220 709 3284 quam
732 3199 949 3263 recentiorum.

296 3308 384 3394 Lego
407 3309 502 3394 igitur
524 3315 618 3392 atque
641 3307 830 3392 interpungo
853 3313 953 3368 totum
977 3306 1081 3368 locum
1104 3305 1161 3369 ita:

309 3415 376 3494 „Et
396 3437 487 3478 mure
510 3436 586 3479 eum
611 3420 719 3478 teucro
739 3413 855 3496 puuisu
878 3417 926 3475 est
948 3413 1056 3476 ludere
1078 3413 1117 3476 iu
1140 3413 1238 3477 herbe

311 3522 433 3604 <Alme
464 3523 572 3586 Veuus
591 3521 776 3606 pressitque
801 3570 807 3584 .
836 3570 843 3583 .
871 3519 903 3601 .>

311 3628 501 3713 Purpureos
523 3629 633 3711 jures,
658 3649 739 3711 quos
761 3627 900 3710 estsuper
922 3626 1146 3704 decumbebat,

315 3735 463 3799 Cuudtdu
485 3735 628 3818 formoso
651 3754 840 3819 suppeueus
864 3733 1014 3796 macchia
1037 3734 1142 3797 eollo“.

663 3900 716 3941 vv.
741 3878 880 3941 69--71,

333 3985 438 4064 „Tuus
461 3986 552 4049 credo
575 3985 688 4068 fheerut
709 3985 844 4048 Mauors
866 3983 1028 4046 disteutus
1050 3982 1090 4045 e'u
1112 3983 1217 4046 erucis

335 4093 425 4156 Num
448 4098 529 4157 certe
560 4092 727 4156 Vulcanus
751 4111 833 4175 optes
856 4088 999 4172 faciebat
1020 4094 1051 4153 et
1071 4089 1123 4152 e‘ll'

335 4199 435 4263 Tristi
459 4200 676 4283 turpabutque
698 4199 789 4262 melu
810 4196 952 4280 fulipe'ue
976 4196 1137 4260 burham‘t

213 4521 316 4599 ,η
