2982 4644
654 265 778 362 m·

194 458 269 522 Non
292 466 422 539 tantum,
445 466 595 544 quantum
616 457 692 521 illud
709 457 902 536 Baelirensii‚
925 458 1046 522 alibris
1066 459 1259 543 manuscrip-

80 568 127 630 tis
152 565 255 645 abest,
278 564 363 650 quod
386 565 606 629 Rotbsteinius
628 563 795 649 legendum
818 565 980 650 proponit:

198 673 326 756 „Inque
349 673 452 736 uicem
476 671 597 736 Phoebi
619 693 756 736 currens
779 673 867 736 cudit
888 693 1010 736 aureus
1034 672 1150 753 orbis“,

83 779 144 843 sed
173 777 319 864 equidem
341 779 492 843 leviorem
515 778 702 843 medicinam
726 777 879 842 adhibens
902 777 985 842 himo
1012 779 1115 842 locum
1144 777 1258 842 diffici-

82 887 148 950 lem
173 908 283 950 sanare
307 886 409 950 velim.
455 885 543 970 Lego
567 886 649 950 euim
673 893 775 948 totum
797 885 902 948 locum
923 885 981 948 ita:

165 993 306 1075 „Sidera
325 1015 387 1079 per
409 994 549 1057 camdem
570 994 709 1057 redeunt
731 1013 807 1056 cum
826 993 955 1076 pallida
978 993 1144 1056 aluredum
1217 1065 1220 1070 ¹

166 1100 271 1184 Inque
295 1101 398 1164 vicem
423 1100 570 1165 Phoebos
594 1105 736 1164 corruat
758 1105 855 1182 atquc
878 1120 1000 1162 aureus
1024 1099 1111 1163 orbis

165 1207 267 1270 Luae
291 1212 369 1270 tuas
393 1213 498 1271 tecam
521 1211 584 1270 est:
614 1227 674 1270 car
696 1227 764 1269 coa
788 1211 835 1269 cst
857 1211 887 1269 ct
908 1227 982 1268 meo
1004 1209 1179 1269 macram?“

85 1313 290 1378 Germanice:
309 1313 440 1395 „Wcua
456 1313 507 1376 dic
527 1313 668 1377 blcc'cbcn
686 1313 835 1377 Gestirac
857 1313 939 1376 tiber
962 1312 1014 1375 dic
1036 1319 1144 1395 pratae
1171 1312 1258 1376 Erde

84 1421 148 1484 nia
181 1420 260 1504 (aus
286 1420 337 1484 die
362 1427 470 1503 proice
494 1419 592 1503 Erdc)
625 1420 870 1484 azara-uetabat
898 1420 970 1482 aad
997 1440 1043 1482 aa
1064 1420 1136 1484 abac
1162 1419 1258 1484 Stella

85 1527 236 1592 Phoebus
267 1529 339 1591 arad
367 1526 439 1591 scia
466 1528 618 1610 poldcocr
638 1527 735 1590 Krcc's
765 1527 862 1607 cetea,
893 1527 986 1590 dorm
1010 1527 1113 1590 Laoc
1135 1527 1181 1590 ist
1202 1528 1259 1590 dea·

84 1635 214 1717 dciaipc
231 1635 281 1698 bca'
295 1635 367 1698 dir:
399 1633 535 1698 Warum
550 1635 596 1697 ist
610 1635 703 1698 aciobt
725 1635 810 1698 auch
833 1634 884 1697 aaa
907 1635 1049 1715 meiaipc
1074 1633 1123 1696 bei
1145 1634 1257 1696 mir?“

194 1740 247 1804 Ad
277 1741 471 1826 probandam
502 1740 580 1804 banc
611 1742 900 1826 interpretationem
930 1739 1080 1803 nonnulla
1114 1739 1259 1803 addenda

85 1856 170 1911 sunt.
226 1847 305 1914 Vox
336 1848 521 1929 ‚‚e'aoc'ccm“
554 1848 708 1931 significat
741 1869 808 1928 „aa
842 1848 894 1910 die
931 1847 1056 1911 Stolos
1120 1847 1258 1927 „Vc'ca's“

85 1975 181 2039 saepe
211 1953 377 2018 adhibetur
399 1975 457 2039 pro
480 1953 693 2034 substantiv0‚
721 1952 806 2039 quod
834 1960 883 2018 est
909 1953 1013 2032 locus,
1045 1975 1117 2016 cum
1140 1953 1257 2038 signifi-

84 2083 193 2125 camus
218 2061 473 2125 substitutionem
505 2061 585 2123 alius
615 2061 660 2123 rei
690 2083 747 2147 pro
778 2061 839 2124 alia
868 2059 932 2140 (cfr.
962 2059 1132 2123 Forcellini
1163 2081 1187 2124 s.
1208 2067 1256 2142 u).

84 2167 186 2232 Simili
205 2165 300 2232 modo
316 2164 512 2253 usurpatur(
540 2166 661 2231 Colum.
678 2171 707 2245 5,
725 2169 758 2231 6:
783 2167 959 2244 „Primam
984 2189 1169 2251 quamque
1194 2172 1257 2248 (ar-

83 2275 221 2358 borem)
245 2274 350 2338 senio
374 2273 561 2338 afflictam
580 2272 802 2337 submoveat
821 2282 858 2338 et
876 2275 912 2336 in
930 2273 1051 2337 vicem
1067 2272 1256 2337 novellam

84 2380 253 2444 subolem
277 2380 515 2445 substituat.“

192 2486 273 2551 Cum
297 2485 401 2551 sidera
424 2486 542 2572 pallida
565 2509 605 2550 ex
621 2487 752 2551 Oceano
768 2496 941 2571 emergunt,
964 2487 1011 2549 sol
1035 2488 1066 2548 in
1091 2508 1175 2550 mare
1199 2487 1257 2550 im-

83 2594 199 2679 mergit
226 2602 259 2658 et
281 2603 347 2657 turn
371 2595 464 2658 Luna
486 2604 657 2658 amatorem
680 2616 786 2658 secum
810 2593 913 2658 habet.
964 2593 1135 2674 „Phoebus
1158 2600 1256 2678 otqac

83 2723 207 2765 arare-ras
225 2702 334 2765 orbie“
357 2708 452 2787 poeta
467 2697 685 2786 Hendyadyos
704 2702 802 2786 figura
820 2723 895 2765 usus
915 2701 1022 2786 posuit
1040 2721 1096 2784 pro
1112 2701 1257 2781 „Phoebi

83 2829 207 2872 careas
230 2809 347 2872 orbic‘.

191 2913 264 2978 Jam
280 2936 356 2978 vero
380 2915 405 2978 si
429 2916 500 2998 quis
516 2923 653 2998 quaerat,
676 2937 755 3000 quos
783 2937 905 2979 amores
928 2922 1022 2999 poeta
1037 2915 1147 2978 Lunae
1163 2913 1256 2993 dicat,

83 3019 200 3084 Naekii
227 3020 298 3085 libri
323 3042 391 3106 pag.
417 3023 479 3085 165
504 3021 663 3106 inspiciat,
694 3023 745 3086 ubi
771 3020 972 3085 doctissimus
995 3022 1047 3085 ille
1072 3022 1121 3084 vir
1144 3044 1256 3106 magna

83 3126 278 3212 digressione
307 3128 437 3213 exponit
464 3130 621 3192 neminem
650 3128 744 3192 alium
772 3128 872 3192 fuisse
896 3151 988 3213 quam
1014 3126 1255 3213 Endymioncm,

83 3234 124 3298 de
148 3256 211 3319 quo
235 3243 359 3299 veteres
383 3243 495 3320 poetae
519 3235 617 3298 multa
640 3235 828 3299 cecinerunt.

562 3454 613 3495 vv.
637 3433 778 3495 43-46.

191 3555 316 3622 Versus
340 3559 472 3621 43-46
501 3554 626 3620 codices
655 3556 792 3619 unanimi
822 3556 888 3619 fere
912 3578 1067 3620 consensu
1091 3556 1136 3619 ita
1158 3554 1255 3619 tradi-

81 3663 212 3728 derunt:

174 3769 319 3850 „Phoebe
339 3791 453 3853 percas
475 3772 514 3834 aa
540 3776 567 3834 lc
591 3773 707 3834 lauras
726 3770 1064 3835 celebravit-amorem

174 3876 222 3939 Et
243 3897 325 3959 qaae
345 3897 470 3962 pompa
492 3880 590 3941 deum
613 3877 683 3940 alst
705 3877 798 3940 silvis
821 3877 916 3960 saruc
940 3878 1047 3941 beata
1070 3883 1117 3940 cst

178 3982 300 4047 Omnia
322 4004 378 4047 vos
402 3984 478 4047 estis
500 4005 610 4048 secam
633 4004 696 4047 suc
716 3984 841 4066 paedia
861 3990 967 4067 pestot

173 4090 245 4152 Aut
265 4091 422 4175 impurae
444 4091 531 4154 videt
552 4091 677 4154 meirade
701 4111 784 4174 quac
806 4090 910 4154 dicere
934 4093 1067 4174 lorcyum
1091 4096 1166 4154 est‘t
